@online{04dummy,
  title={{mobilenets dummy)}},
  url={},
  year={},
  author={}
}
