@misc{3gpp23228,
  title="{3GPP TS 23.228 V11.2.0 Technical Specification Group Services and System Aspects;
IP Multimedia Subsystem (IMS);
Stage 2}",
  publisher="3GPP",
  organization="3GPP",
  year={2011}
}

@article{kohler2006designing,
  title={{Designing DCCP: Congestion control without reliability}},
  author={Kohler, E. and Handley, M. and Floyd, S.},
  journal={ACM SIGCOMM Computer Communication Review},
  volume={36},
  number={4},
  pages={27--38},
  year={2006},
  publisher={ACM}
}

@Misc{ietf2011websocket,
  title={{The WebSocket protocol}},
  author={Fette, I. and Melnikov, A.},
  year={2011},
  url={http://tools.ietf.org/html/draft-ietf-hybi-thewebsocketprotocol}
}

@InProceedings{rafetseder2011explyt,
	title = {Exploring YouTube's Content Distribution Network Through Distributed Application-Layer Measurements: A First View},
	booktitle = {Cnet 2011 : International Workshop on MODELING, ANALYSIS, AND CONTROL OF COMPLEX NETWORKS},
	year = {2011},
	month = {September},
	author = {Rafetseder, A. and Metzger, F. and Stezenbach, D. and Tutschku, K.},
}

@inproceedings{Cappos:2009:SPE:1508865.1508905,
 author = {{Cappos, Justin and Beschastnikh, Ivan and Krishnamurthy, Arvind and Anderson, Tom}},
 title = {Seattle: a platform for educational cloud computing},
 booktitle = {Proceedings of the 40th ACM technical symposium on Computer science education},
 series = {SIGCSE '09},
 year = {2009},
 isbn = {978-1-60558-183-5},
 location = {Chattanooga, TN, USA},
 pages = {111--115},
 numpages = {5},
 url = {http://doi.acm.org/10.1145/1508865.1508905},
 acmid = {1508905},
 publisher = {ACM},
 address = {New York, NY, USA},
 keywords = {cloud computing, cluster computing, distributed computing, peer-to-peer computing},
} 

@Article{ alcock2011afcyt,
	author = "{Alcock, S. and Nelson, R.}",
	title = "{Application Flow Control in YouTube Video Streams}",
	journal = "SIGCOMM Comput. Commun. Rev.",
	year = "2011",
	volume = "41",
	number = "2",
	issue_date = "April 2011",
	publisher = "ACM",
	address = "New York, NY, USA"
}

@online{html5video,
	title = {{HTML5: A vocabulary and associated APIs for HTML and XHTML, section 4.8.10 Media Elements}},
	url = {http://dev.w3.org/html5/spec/Overview.html#media-elements},
  year = {2013},
  editor = {Berjon, R. and Faulkner, S. and Leithead, M. and Navara, E.~D. and O'Connor, E. and Pfeiffer, S. and Hickson, I.}
}

@Article{ ha2008cubic,
	title = "{CUBIC: a new TCP-friendly high-speed TCP variant}",
	author = "S. Ha and I. Rhee and L. Xu",
	journal = "ACM SIGOPS Operating Systems Review",
	volume = "42",
	number = "5",
	pages = "64--74",
	issn = "0163-5980",
	year = "2008",
	publisher = "ACM"
}

@inproceedings{Arlos10,
	title = {Influence of the Packet Size on the One-Way Delay in 3G Networks},
	author = {P. Arlos and M. Fiedler},
	booktitle = {Passive and Active Measurement, 11th International Conference, PAM 2010},
	volume = {6032},
	pages = {61--70},
	isbn = {978-3-642-12334-4},
	year = {2010},
	doi = {10.1007/978-3-642-12334-4\_7},
}

@inproceedings{laner2011dissecting,
  title={Dissecting 3G uplink delay by measuring in an operational HSPA network},
  author={Laner, M. and Svoboda, P. and Hasenleithner, E. and Rupp, M.},
  booktitle={Passive and Active Measurement},
  pages={52--61},
  year={2011},
  organization={Springer}
}

@misc{html5,
  title="{HTML5: A vocabulary and associated APIs for HTML and XHTML}",
  publisher="W3C",
  organization="W3C",
  year=2011,
  url="http://dev.w3.org/html5/spec/Overview.html",
}


@article{alcock2011application,
  title={Application flow control in youtube video streams},
  author={Alcock, S. and Nelson, R.},
  journal={ACM SIGCOMM Computer Communication Review},
  volume={41},
  number={2},
  pages={24--30},
  year={2011},
  publisher={ACM}
}

@inproceedings{hossfeld2007quantification,
  title={{Quantification of quality of experience for edge-based applications}},
  author={Ho√üfeld, T. and Tran-Gia, P. and Fiedler, M.},
  booktitle={Proceedings of the 20th international teletraffic conference on Managing traffic performance in converged networks},
  pages={361--373},
  year={2007},
  organization={Springer-Verlag}
}
