@online{01dummy,
  title={{intro dummy)}},
  url={},
  year={},
  author={}
}
