@inproceedings{Huang:2012:CTU:2398776.2398800,
	author = {Huang, T. and Handigol, N. and Heller, B. and McKeown, N. and Johari, R.},
	title = {Confused, timid, and unstable: picking a video streaming rate is hard},
	booktitle = {Proceedings of the 2012 ACM conference on Internet measurement conference},
	series = {IMC '12},
	year = {2012},
	isbn = {978-1-4503-1705-4},
	location = {Boston, Massachusetts, USA},
	pages = {225--238},
	numpages = {14},
	url = {http://doi.acm.org/10.1145/2398776.2398800},
	doi = {10.1145/2398776.2398800},
	acmid = {2398800},
	publisher = {ACM},
	address = {New York, NY, USA},
	keywords = {http-based video streaming, video rate adaptation},
} 

@inproceedings{baer2011two,
	title={Two parallel approaches to network data analysis},
	author={Baer, A. and Barbuzzi, A. and Michiardi, P. and Ricciato, F.},
	booktitle={5th Workshop on Large Scale Distributed Systems and Middleware (LADIS)},
	year={2011}
}

@inproceedings{Muller:2012:EDA:2151677.2151686,
	author = {Müller, C. and Lederer, S. and Timmerer, C.},
	title = {An evaluation of dynamic adaptive streaming over HTTP in vehicular environments},
	booktitle = {Proceedings of the 4th Workshop on Mobile Video},
	series = {MoVid '12},
	year = {2012},
	isbn = {978-1-4503-1166-3},
	location = {Chapel Hill, North Carolina},
	pages = {37--42},
	numpages = {6},
	url = {http://doi.acm.org/10.1145/2151677.2151686},
	doi = {10.1145/2151677.2151686},
	acmid = {2151686},
	publisher = {ACM},
	address = {New York, NY, USA},
	keywords = {Adobe HTTP dynamic streaming, Apple HTTP live streaming, MPEG-DASH, Microsoft smooth streaming, dynamic adaptive streaming over HTTP, evaluation, mobile networks, vehicular mobility},
} 

@inproceedings{enck2010taintdroid,
	title={TaintDroid: An Information-Flow Tracking System for Realtime Privacy Monitoring on Smartphones.},
	author={Enck, W. and Gilbert, P. and Chun, B. and Cox, L. and Jung, J. and McDaniel, P. and Sheth, A.},
	booktitle={OSDI},
	volume={10},
	pages={255--270},
	year={2010}
}

@article{genin2013internet,
	title={Where in the Internet is congestion?},
	author={Genin, D. and Splett, J.},
	journal={arXiv preprint arXiv:1307.3696},
	year={2013}
}

@article{Buja13112009,
	author = {Buja, A. and Cook, D. and Hofmann, H. and Lawrence, M. and Lee, E. and Swayne, D. F. and Wickham, H.}, 
	title = {Statistical inference for exploratory data analysis and model diagnostics},
	volume = {367}, 
	number = {1906}, 
	pages = {4361-4383}, 
	year = {2009}, 
	doi = {10.1098/rsta.2009.0120}, 
	abstract ={We propose to furnish visual statistical methods with an inferential framework and protocol, modelled on confirmatory statistical testing. In this framework, plots take on the role of test statistics, and human cognition the role of statistical tests. Statistical significance of ‘discoveries’ is measured by having the human viewer compare the plot of the real dataset with collections of plots of simulated datasets. A simple but rigorous protocol that provides inferential validity is modelled after the ‘lineup’ popular from criminal legal procedures. Another protocol modelled after the ‘Rorschach’ inkblot test, well known from (pop-)psychology, will help analysts acclimatize to random variability before being exposed to the plot of the real data. The proposed protocols will be useful for exploratory data analysis, with reference datasets simulated by using a null assumption that structure is absent. The framework is also useful for model diagnostics in which case reference datasets are simulated from the model in question. This latter point follows up on previous proposals. Adopting the protocols will mean an adjustment in working procedures for data analysts, adding more rigour, and teachers might find that incorporating these protocols into the curriculum improves their students’ statistical thinking.}, 
	URL = {http://rsta.royalsocietypublishing.org/content/367/1906/4361.abstract}, 
	eprint = {http://rsta.royalsocietypublishing.org/content/367/1906/4361.full.pdf+html}, 
	journal = {Philosophical Transactions of the Royal Society A: Mathematical,
					Physical and Engineering Sciences} 
}

@misc{reed2000end,
	title={The end of the end-to-end argument?},
	author={Reed, D.},
	year={2000}
}

@article{akhshabi2011evolution,
	title={The evolution of layered protocol stacks leads to an hourglass-shaped architecture},
	author={Akhshabi, S. and Dovrolis, C.},
	journal={SIGCOMM-Computer Communication Review},
	volume={41},
	number={4},
	pages={206},
	year={2011}
}

@inproceedings{Popa:2010:HNW:1868447.1868453,
	author = {Popa, L. and Ghodsi, A. and Stoica, I.},
	title = {HTTP as the narrow waist of the future internet},
	booktitle = {Proceedings of the 9th ACM SIGCOMM Workshop on Hot Topics in Networks},
	series = {Hotnets-IX},
	year = {2010},
	isbn = {978-1-4503-0409-2},
	location = {Monterey, California},
	pages = {6:1--6:6},
	articleno = {6},
	numpages = {6},
	url = {http://doi.acm.org/10.1145/1868447.1868453},
	doi = {10.1145/1868447.1868453},
	acmid = {1868453},
	publisher = {ACM},
	address = {New York, NY, USA},
} 

@article{vixie2009dns,
	title={What DNS is not.},
	author={Vixie, P.},
	journal={Commun. ACM},
	volume={52},
	number={12},
	pages={43--47},
	year={2009}
}

@article{Labovitz:2010:IIT:2043164.1851194,
	author = {Labovitz, C. and Iekel-Johnson, S. and McPherson, D. and Oberheide, J. and Jahanian, F.},
	title = {Internet inter-domain traffic},
	journal = {SIGCOMM Comput. Commun. Rev.},
	issue_date = {August 2011},
	volume = {41},
	number = {4},
	month = aug,
	year = {2010},
	issn = {0146-4833},
	pages = {--},
	url = {http://dl.acm.org/citation.cfm?id=2043164.1851194},
	acmid = {1851194},
	publisher = {ACM},
	address = {New York, NY, USA},
	keywords = {architecture, inter-domain traffic, internet, peering policies},
} 

@inproceedings{Su:2006:DBA:1159913.1159962,
	author = {Su, A. and Choffnes, David R. and Kuzmanovic, A. and Bustamante, F.E.},
	title = {Drafting behind Akamai (travelocity-based detouring)},
	booktitle = {Proceedings of the 2006 conference on Applications, technologies, architectures, and protocols for computer communications},
	series = {SIGCOMM '06},
	year = {2006},
	isbn = {1-59593-308-5},
	location = {Pisa, Italy},
	pages = {435--446},
	numpages = {12},
	url = {http://doi.acm.org/10.1145/1159913.1159962},
	doi = {10.1145/1159913.1159962},
	acmid = {1159962},
	publisher = {ACM},
	address = {New York, NY, USA},
	keywords = {Akamai, CDN, DNS, edge server, measurement reuse, one-hop, source routing},
} 

@incollection{cicco2010akamai,
	year={2010},
	isbn={978-3-642-16606-8},
	booktitle={HCI in Work and Learning, Life and Leisure},
	volume={6389},
	series={Lecture Notes in Computer Science},
	editor={Leitner, Gerhard and Hitz, Martin and Holzinger, Andreas},
	doi={10.1007/978-3-642-16607-5_31},
	title={An Experimental Investigation of the Akamai Adaptive Video Streaming},
	url={http://dx.doi.org/10.1007/978-3-642-16607-5_31},
	publisher={Springer Berlin Heidelberg},
	author={Cicco, L. and Mascolo, S.},
	pages={447-464}
}

@inproceedings{Rao:2011:NCV:2079296.2079321,
	author = {Rao, A. and Legout, A. and Lim, Y. and Towsley, D. and Barakat, C. and Dabbous, W.},
	title = {Network characteristics of video streaming traffic},
	booktitle = {Proceedings of the Seventh COnference on emerging Networking EXperiments and Technologies},
	series = {CoNEXT '11},
	year = {2011},
	isbn = {978-1-4503-1041-3},
	location = {Tokyo, Japan},
	pages = {25:1--25:12},
	articleno = {25},
	numpages = {12},
	url = {http://doi.acm.org/10.1145/2079296.2079321},
	doi = {10.1145/2079296.2079321},
	acmid = {2079321},
	publisher = {ACM},
	address = {New York, NY, USA},
	keywords = {Flash, HTML5, Netflix, Silverlight, YouTube, streaming strategies, video streaming},
} 

@INPROCEEDINGS{6263849,
	author={Hossfeld, T. and Egger, S. and Schatz, R. and Fiedler, M. and Masuch, K. and Lorentzen, C.},
	booktitle={Quality of Multimedia Experience (QoMEX), 2012 Fourth International Workshop on},
	title={Initial delay vs. interruptions: Between the devil and the deep blue sea},
	year={2012},
	pages={1-6},
	keywords={Internet;computer network management;delays;quality of service;Internet;QoE;YouTube video streaming;deep blue sea;end user quality perception;initial delays;network management approach;network providers;service providers;user perceived quality of experience;Authentication;Delay;Internet;Laboratories;Streaming media;YouTube},
	doi={10.1109/QoMEX.2012.6263849},
}

@INPROCEEDINGS{6123395,
	author={Hossfeld, T. and Seufert, M. and Hirth, M. and Zinner, T. and Tran-Gia, P. and Schatz, R.},
	booktitle={Multimedia (ISM), 2011 IEEE International Symposium on},
	title={Quantification of YouTube QoE via Crowdsourcing},
	year={2011},
	pages={494-499},
	keywords={multimedia communication;social networking (online);video streaming;Internet application;TCP-streaming;YouTube QoE;crowdsourcing;dedicated QoE model;multimedia application;online video services;quality of experience;shape quality perception;subjective QoE assessment methodology;Correlation;Gold;Internet;Monitoring;Reliability;Streaming media;YouTube;Crowdsourcing;HTTP video streaming;YouTube;reliability},
	doi={10.1109/ISM.2011.87},
}

@INPROCEEDINGS{6296879,
	author={Schatz, R. and Hossfeld, T. and Casas, P.},
	booktitle={Innovative Mobile and Internet Services in Ubiquitous Computing (IMIS), 2012 Sixth International Conference on},
	title={Passive YouTube QoE Monitoring for ISPs},
	year={2012},
	pages={358-364},
	keywords={computer networks;computerised monitoring;hypermedia;quality of service;social networking (online);telecommunication services;telecommunication traffic;transport protocols;video streaming;HTTP video streaming;ISP;QoE prediction;access provider perspective;application-level stalling events detection;communication networks quality;communication services quality;corporate DNA;human quality perception;in-network measurement;network-level passive probing;online video platforms;passive YouTube QoE monitoring;quality of experience;service providers;traffic volumes;user perception;user-centric understanding;Accuracy;Approximation methods;Data mining;Monitoring;Quality of service;Streaming media;YouTube;Quality of Experience;YouTube;information extraction;passive network monitoring;video streaming},
	doi={10.1109/IMIS.2012.12},
}

@inproceedings{DeCicco:2011:FCA:1943552.1943573,
	author = {De Cicco, L. and Mascolo, S. and Palmisano, V.},
	title = {Feedback control for adaptive live video streaming},
	booktitle = {Proceedings of the second annual ACM conference on Multimedia systems},
	series = {MMSys '11},
	year = {2011},
	isbn = {978-1-4503-0518-1},
	location = {San Jose, CA, USA},
	pages = {145--156},
	numpages = {12},
	url = {http://doi.acm.org/10.1145/1943552.1943573},
	doi = {10.1145/1943552.1943573},
	acmid = {1943573},
	publisher = {ACM},
	address = {New York, NY, USA},
	keywords = {adaptive video streaming, quality adaptation controller, quality feedback control},
} 

@inproceedings{Erman:2011:OTV:2068816.2068829,
	author = {Erman, J. and Gerber, A. and Ramadrishnan, K. K. and Sen, S. and Spatscheck, O.},
	title = {Over the top video: the gorilla in cellular networks},
	booktitle = {Proceedings of the 2011 ACM SIGCOMM conference on Internet measurement conference},
	series = {IMC '11},
	year = {2011},
	isbn = {978-1-4503-1013-0},
	location = {Berlin, Germany},
	pages = {127--136},
	numpages = {10},
	url = {http://doi.acm.org/10.1145/2068816.2068829},
	doi = {10.1145/2068816.2068829},
	acmid = {2068829},
	publisher = {ACM},
	address = {New York, NY, USA},
	keywords = {network optimization},
} 

@INPROCEEDINGS{5703713,
	author={McAlarney, J. and Haddad, R. and McGarry, M.P.},
	booktitle={Computer Modeling and Simulation (EMS), 2010 Fourth UKSim European Symposium on},
	title={Modeling Network Protocol Overhead for Video},
	year={2010},
	pages={375-380},
	keywords={Internet;multimedia communication;protocols;video communication;Adobe Flash;Internet;RTMP;application layer protocol;network protocol overhead;networking protocol;video communication;video content;video sources;Flash Video;Modeling;Multimedia;RTMP;Video},
	doi={10.1109/EMS.2010.68},
	}

@INPROCEEDINGS{5945211,
	author={Hisamatsu, H. and Hasegawa, G. and Murata, M.},
	booktitle={Information Technology: New Generations (ITNG), 2011 Eighth International Conference on},
	title={Non Bandwidth-intrusive Video Streaming over TCP},
	year={2011},
	pages={78-83},
	keywords={Internet;data communication;telecommunication traffic;transport protocols;video streaming;Internet traffic;TCP;YouTube;bandwidth stealing;data transfer mechanisms;network congestion;nonbandwidth-intrusive video streaming;transport layer protocol;video playback rate;video streaming services;Bandwidth;Protocols;Receivers;Servers;Streaming media;Throughput;YouTube;Congestion Control;TCP (Transmission Control Protocol);Video Streaming;YouTube},
	doi={10.1109/ITNG.2011.21},
}

@inproceedings{Stockhammer:2011:DAS:1943552.1943572,
	 author = {Stockhammer, T.},
	 title = {Dynamic adaptive streaming over HTTP --: standards and design principles},
	 booktitle = {Proceedings of the second annual ACM conference on Multimedia systems},
	 series = {MMSys '11},
	 year = {2011},
	 isbn = {978-1-4503-0518-1},
	 location = {San Jose, CA, USA},
	 pages = {133--144},
	 numpages = {12},
	 url = {http://doi.acm.org/10.1145/1943552.1943572},
	 doi = {10.1145/1943552.1943572},
	 acmid = {1943572},
	 publisher = {ACM},
	 address = {New York, NY, USA},
	 keywords = {3gpp, mobile video, standards, streaming, video},
} 

@INPROCEEDINGS{6181070,
	author={Singh, K.D. and Hadjadj-Aoul, Y. and Rubino, G.},
	booktitle={Consumer Communications and Networking Conference (CCNC), 2012 IEEE},
	title={Quality of experience estimation for adaptive HTTP/TCP video streaming using H.264/AVC},
	year={2012},
	pages={127-131},
	keywords={IP networks;Internet;data compression;hypermedia;neural nets;telecommunication computing;telecommunication traffic;transport protocols;video coding;video streaming;H.264 video codec;H.264/AVC;IPTV application;Web based application;adaptive HTTP video streaming;adaptive TCP video streaming;adaptive bitrate video streaming;fixed network;lossy compression;mobile network;no-reference QoE monitoring module;performance evaluation;playout interruption;quality of experience estimation;random neural network;subjective quality assessment method;traffic;video service;Adaptation models;Bit rate;Context;Delay;Estimation;Neurons;Streaming media;H.264;IPTV;QoE;TCP video streaming;Video Quality;adaptive HTTP streaming},
	doi={10.1109/CCNC.2012.6181070},
	ISSN={Pending},
}

@article{hossfeld2011fog,
	title={FoG and Clouds: Optimizing QoE for YouTube},
	author={Hoßfeld, T. and Liers, F. and Volkert, T. and Schatz, R.},
	journal={KuVS 5thGI/ITG KuVS Fachgespräch NG Service Delivery Platforms},
	year={2011}
}

@INPROCEEDINGS{965876,
	author={Klemm, A. and Lindemann, C. and Lohmann, M.},
	booktitle={Global Telecommunications Conference, 2001. GLOBECOM '01. IEEE},
	title={Traffic modeling and characterization for UMTS networks},
	year={2001},
	volume={3},
	pages={1741-1746 vol.3},
	keywords={Markov processes;mobile radio;packet radio networks;protocols;queueing theory;telecommunication traffic;BMAP;IP packets;UMTS networks;Universal Mobile Telecommunication Systems;aggregated traffic model;bandwidth classes;batch Markovian arrival process;measured trace data;packet sizes;scaling process;synthetic traffic model;3G mobile communication;Bandwidth;Computer science;Electrical capacitance tomography;IP networks;ISDN;Modems;Radio access networks;Telecommunication traffic;Traffic control},
	doi={10.1109/GLOCOM.2001.965876},
}

@TECHREPORT{report2011-258,
	author = {Hoßfeld, T. and Zinner, T. and Schatz, R. and Seufert, M. and Tran-Gia. P.},
	title = {{Transport Protocol Influences on YouTube QoE}},
	institution = {University of Würzburg},
	number = {482},
	month = jul,
	year = {2011},
}

@INPROCEEDINGS{5733220,
	author={Staehle, B. and Hirth, M. and Pries, R. and Wamser, F. and Staehle, D.},
	booktitle={Internet Communications (BCFIC Riga), 2011 Baltic Congress on Future},
	title={Aquarema in action: Improving the YouTube QoE in wireless mesh networks},
	year={2011},
	pages={33-40},
	keywords={Internet;resource allocation;social networking (online);user interfaces;wireless mesh networks;AC-aware traffic shaping;Aquarema;IEEE 802.11 based mesh testbed;Internet access networks;YouTube video streaming;application comfort monitoring tools;network resource management;user quality-of-experience;wireless mesh networks;Bandwidth;Internet;Monitoring;Quality of service;Resource management;Streaming media;YouTube},
	doi={10.1109/BCFIC-RIGA.2011.5733220},
}

@INPROCEEDINGS{5425847,
	author={Ricciato, F. and Coluccia, A. and D'Alconzo, A. and Veitch, D. and Borgnat, P. and Abry, P.},
	booktitle={Global Telecommunications Conference, 2009. GLOBECOM 2009. IEEE},
	title={On the Role of Flows and Sessions in Internet Traffic Modeling: An Explorative Toy-Model},
	year={2009},
	pages={1-8},
	keywords={Internet;Internet traffic modeling;explorative toy-model;flow scrambling;packet arrival process;super-flow structures;transport-layer flows;truncation;wavelet spectrum;IP networks;Internet;Large-scale systems;Queueing analysis;Shape;Telecommunication traffic;Traffic control;Transport protocols;Wavelet analysis;Wavelet packets},
	doi={10.1109/GLOCOM.2009.5425847},
	ISSN={1930-529X},
}

@inproceedings{hossfeld2008testing,
	title={Testing the IQX hypothesis for exponential interdependency between QoS and QoE of voice codecs iLBC and G. 711},
	author={Hoßfeld, T. and Hock, D. and Tran-Gia, P. and Tutschku, K. and Fiedler, M. },
	booktitle={18th ITC Specialist Seminar Quality of Experience, Karlskrona, Sweden},
	year={2008}
}

@ARTICLE{4570772,
	author={Ricciato, F. and Hasenleithner, E. and Romirer-Maierhofer, P.},
	journal={Network and Service Management, IEEE Transactions on},
	title={Traffic analysis at short time-scales: an empirical case study from a 3G cellular network},
	year={2008},
	volume={5},
	number={1},
	pages={11-21},
	keywords={3G mobile communication;cellular radio;statistical analysis;synchronisation;telecommunication network reliability;telecommunication traffic;3G cellular mobile network;IP network;delay statistics;network quality indicator;short time-scale traffic pattern analysis;synchronized packet-level trace;Aggregates;Availability;Cellular networks;Delay effects;IP networks;Land mobile radio cellular systems;Microscopy;Pattern analysis;Statistics;Telecommunication traffic},
	doi={10.1109/TNSM.2008.080102},
	ISSN={1932-4537},
}

@inproceedings{Barford:1998:GRW:277851.277897,
	author = {Barford, P. and Crovella, M.},
	title = {Generating representative Web workloads for network and server performance evaluation},
	booktitle = {Proceedings of the 1998 ACM SIGMETRICS joint international conference on Measurement and modeling of computer systems},
	series = {SIGMETRICS '98/PERFORMANCE '98},
	year = {1998},
	isbn = {0-89791-982-3},
	location = {Madison, Wisconsin, USA},
	pages = {151--160},
	numpages = {10},
	url = {http://doi.acm.org/10.1145/277851.277897},
	doi = {10.1145/277851.277897},
	acmid = {277897},
	publisher = {ACM},
	address = {New York, NY, USA},
} 

@INPROCEEDINGS{801961,
	author={Choi, H.K. and Limb, John O.},
	booktitle={Network Protocols, 1999. (ICNP '99) Proceedings. Seventh International Conference on},
	title={A behavioral model of Web traffic},
	year={1999},
	pages={327-334},
	keywords={Internet;protocols;telecommunication traffic;HTTP headers;Internet;TCP header;Web caching;Web pages;Web traffic;Web-request;behavioral model;complexity;protocols;shared communication networks;statistics;traffic models;user behavior;Communication networks;Design engineering;Information retrieval;Internet;Java;Protocols;Statistics;Telecommunication traffic;Traffic control;Web pages},
	doi={10.1109/ICNP.1999.801961},
	ISSN={1092-1648},
}

@book{staehle2000source,
	title={Source traffic modeling of wireless applications},
	author={Staehle, D. and Leibnitz, K. and Tran-Gia, P.},
	year={2000},
	publisher={Inst. für Informatik, Universität Würzburg}
}

@article{Paxson:1995:WAT:208389.208390,
	author = {Paxson, V. and Floyd, S.},
	title = {Wide area traffic: the failure of Poisson modeling},
	journal = {IEEE/ACM Trans. Netw.},
	issue_date = {June 1995},
	volume = {3},
	number = {3},
	month = jun,
	year = {1995},
	issn = {1063-6692},
	pages = {226--244},
	numpages = {19},
	url = {http://dx.doi.org/10.1109/90.392383},
	doi = {10.1109/90.392383},
	acmid = {208390},
	publisher = {IEEE Press},
	address = {Piscataway, NJ, USA},
} 

@article{Paxson:1994:EDA:189520.189525,
	author = {Paxson, V.},
	title = {Empirically derived analytic models of wide-area TCP connections},
	journal = {IEEE/ACM Trans. Netw.},
	issue_date = {Aug. 1994},
	volume = {2},
	number = {4},
	month = aug,
	year = {1994},
	issn = {1063-6692},
	pages = {316--336},
	numpages = {21},
	url = {http://dx.doi.org/10.1109/90.330413},
	doi = {10.1109/90.330413},
	acmid = {189525},
	publisher = {IEEE Press},
	address = {Piscataway, NJ, USA},
} 

@book{vicari1997measurement,
	title={Measurement and modeling of WWW-sessions},
	author={Vicari, N.},
	year={1997},
	publisher={Inst. für Informatik, Universität Würzburg}
}

@book{vicari1999measuring,
	title={Measuring Internet user traffic behavior dependent on access speed},
	author={Vicari, N. and Köhler, S.},
	year={1999},
	publisher={Inst. für Informatik, Universität Würzburg}
}

@incollection{characterizeajax2008,
	year={2008},
	isbn={978-3-540-79231-4},
	booktitle={Passive and Active Network Measurement},
	volume={4979},
	series={Lecture Notes in Computer Science},
	editor={Claypool, Mark and Uhlig, Steve},
	doi={10.1007/978-3-540-79232-1_4},
	title={The New Web: Characterizing AJAX Traffic},
	url={http://dx.doi.org/10.1007/978-3-540-79232-1_4},
	publisher={Springer Berlin Heidelberg},
	author={Schneider, F. and Agarwal, S. and Alpcan, T. and Feldmann, A.},
	pages={31-40}
}

@INPROCEEDINGS{4509656,
	author={Bonfiglio, D. and Mellia, M. and Meo, M. and Ritacca, N. and Rossi, D.},
	booktitle={INFOCOM 2008. The 27th Conference on Computer Communications. IEEE},
	title={Tracking Down Skype Traffic},
	year={2008},
	pages={-},
	keywords={Internet telephony;pattern classification;telecommunication signalling;telecommunication traffic;tracking;transport protocols;video communication;voice communication;Internet application spectrum;Skype classification engine;Skype traffic tracking;VoIP application;active measurement techniques;data traffic;network conditions;passive measurement techniques;signaling traffic;source codec;transport-layer protocol;video communication;voice communication;Codecs;Internet;Local area networks;Measurement techniques;Search engines;Signal generators;Telecommunication traffic;Testing;Traffic control;Transport protocols},
	doi={10.1109/INFOCOM.2008.61},
	ISSN={0743-166X},
}

@article{biernacki2013ltescheduler,
	year={2013},
	issn={0929-6212},
	journal={Wireless Personal Communications},
	doi={10.1007/s11277-013-1308-4},
	title={Comparative Performance Study of LTE Downlink Schedulers},
	url={http://dx.doi.org/10.1007/s11277-013-1308-4},
	publisher={Springer US},
	keywords={4G Mobile communication; Scheduling algorithm; Multimedia communication},
	author={Biernacki, A. and Tutschku, K.},
	pages={1-15},
	language={English}
}

@inproceedings{Shafiq:2012:FLC:2254756.2254767,
	author = {Shafiq, M. Z. and Ji, L. and Liu, A. X. and Pang, J. and Wang, J.},
	title = {A first look at cellular machine-to-machine traffic: large scale measurement and characterization},
	booktitle = {Proceedings of the 12th ACM SIGMETRICS/PERFORMANCE joint international conference on Measurement and Modeling of Computer Systems},
	series = {SIGMETRICS '12},
	year = {2012},
	isbn = {978-1-4503-1097-0},
	location = {London, England, UK},
	pages = {65--76},
	numpages = {12},
	url = {http://doi.acm.org/10.1145/2254756.2254767},
	doi = {10.1145/2254756.2254767},
	acmid = {2254767},
	publisher = {ACM},
	address = {New York, NY, USA},
	keywords = {cellular network, machine-to-machine traffic},
} 

@article{Nichols:2012:CQD:2209249.2209264,
	author = {Nichols, K. and Jacobson, V.},
	title = {Controlling queue delay},
	journal = {Commun. ACM},
	issue_date = {July 2012},
	volume = {55},
	number = {7},
	month = jul,
	year = {2012},
	issn = {0001-0782},
	pages = {42--50},
	numpages = {9},
	url = {http://doi.acm.org/10.1145/2209249.2209264},
	doi = {10.1145/2209249.2209264},
	acmid = {2209264},
	publisher = {ACM},
	address = {New York, NY, USA},
} 

@article{little1961proof,
	title={A proof for the queuing formula: L= $\lambda$W},
	author={Little, John DC},
	journal={Operations research},
	volume={9},
	number={3},
	pages={383--387},
	year={1961},
	publisher={INFORMS}
}

@article{kendall1953stochastic,
	title={Stochastic processes occurring in the theory of queues and their analysis by the method of the imbedded Markov chain},
	author={Kendall, David G},
	journal={The Annals of Mathematical Statistics},
	pages={338--354},
	year={1953},
	publisher={JSTOR}
}

@article{smirnov1939estimation,
	title={On the estimation of the discrepancy between empirical curves of distribution for two independent samples},
	author={Smirnov, N.V.},
	journal={Bull. Math. Univ. Moscou},
	volume={2},
	number={2},
	year={1939}
}

@article{kolmogorov1933sulla,
	title={Sulla determinazione empirica di una legge di distribuzione},
	author={Kolmogorov, A. N.},
	journal={Giornale dell’Istituto Italiano degli Attuari},
	volume={4},
	number={1},
	pages={83--91},
	year={1933}
}

@article{doi:10.1080/14786440009463897,
	author = {Pearson, K.},
	title = {X. On the criterion that a given system of deviations from the probable in the case of a correlated system of variables is such that it can be reasonably supposed to have arisen from random sampling},
	journal = {Philosophical Magazine Series 5},
	volume = {50},
	number = {302},
	pages = {157-175},
	year = {1900},
	doi = {10.1080/14786440009463897},
}

@book{levy2010hackers,
  title={{Hackers: Heroes of the computer revolution}},
  year={2010},
  author={Levy, S.},
  publisher={O'Reilly}
}

@book{ryan2010history,
  title={{A History of the Internet and the Digital Future}},
  author={Ryan, J.},
  year={2010},
  publisher={Reaktion Books}
}

@book{Knuth:1997:ACP:270146,
 author = {Knuth, D. E.},
 title = {The art of computer programming, volume 2 (3rd ed.): seminumerical algorithms},
 year = {1997},
 isbn = {0-201-89684-2},
 publisher = {Addison-Wesley Longman Publishing Co., Inc.},
 address = {Boston, MA, USA},
} 

@book{Kleinrock:1975:TVQ:1096491,
 author = {Kleinrock, L.},
 title = {Theory, Volume 1, Queueing Systems},
 year = {1975},
 isbn = {0471491101},
 publisher = {Wiley-Interscience},
}

@book{trangia-lbvs,
  author = {Tran-Gia, P.},
  isbn = {978-3-540-60666-6},
  keywords = {dblp},
  pages = {I-XIII, 1-241},
  publisher = {Springer},
  timestamp = {2011-04-26T00:00:00.000+0200},
  title = {Analytische Leistungsbewertung verteilter Systeme - eine Einführung.},
  year = 1996
}

@InProceedings{gill2007youtube,
	title = "{Youtube traffic characterization: a view from the edge}",
	author = "Gill, P. and Arlitt, M. and Li, Z. and Mahanti, A.",
	booktitle = "Proceedings of the 7th ACM SIGCOMM conference on Internet measurement",
	pages = "15--28",
	year = "2007",
	organization = "ACM"
}

@InProceedings{ adhikari2010youtube,
	title = "{YouTube traffic dynamics and its interplay with a tier-1 ISP: an ISP perspective}",
	author = "Adhikari, V.K. and Jain, V.K. and Zhang, V.K.",
	booktitle = "Proceedings of the 10th annual conference on Internet measurement",
	pages = "431--443",
	year = "2010",
	organization = "ACM"
}

@INPROCEEDINGS{torres2011dissecting,
	author={Torres, R. and Finamore, A. and Jin Ryong Kim and Mellia, M. and Munafo, M.M. and Sanjay Rao},
	booktitle={Distributed Computing Systems (ICDCS), 2011 31st International Conference on},
	title={Dissecting Video Server Selection Strategies in the YouTube CDN},
	year={2011},
	pages={248-257},
	keywords={computer centres;geographic information systems;social networking (online);video servers;DNS server;ISP network;YouTube CDN;data center;delay-based geolocation technique;load balancing;video server selection process;Europe;Geology;Google;IP networks;Internet;Servers;YouTube;Content distribution networks;Web;internet services},
	doi={10.1109/ICDCS.2011.43},
	ISSN={1063-6927}
}

@Article{ mori2010characterizing,
	title = "{Characterizing traffic flows originating from large-scale video sharing services}",
	author = "Mori, T. and Kawahara, R. and Hasegawa, H. and Shimogawa, S.",
	journal = "Traffic Monitoring and Analysis",
	pages = "17--31",
	year = "2010",
	publisher = "Springer"
}

@INPROCEEDINGS{mokmeasuring,
	author={Mok, R.K.P. and Chan, E.W.W. and Chang, R.K.C.},
	booktitle={Integrated Network Management (IM), 2011 IFIP/IEEE International Symposium on},
	title={Measuring the quality of experience of HTTP video streaming},
	year={2011},
	pages={485-492},
	keywords={hypermedia;quality of service;transport protocols;video streaming;HTTP video streaming;QoE;TCP;flash video;network QoS;packet loss;picture quality;sound quality;Codecs;Games;Quality of service;Reliability;Streaming media;TV;Web sites},
	doi={10.1109/INM.2011.5990550}
}

@Article{ staehle2010yomo,
	title = "{YoMo: A YouTube Application Comfort Monitoring Tool}",
	author = "B. Staehle and M. Hirth and R. Pries and F. Wamser and D. Staehle",
	journal = "University of Wuerzburg, Tech. Rep",
	volume = "467",
	year = "2010"
}

@inproceedings{staehle2011aquarema,
	title={{Aquarema in action: Improving the YouTube QoE in wireless mesh networks}},
	author={{Staehle, B. and Hirth, M. and Pries, R. and Wamser, F. and Staehle, D.}},
	booktitle={Internet Communications (BCFIC Riga), 2011 Baltic Congress on Future},
	pages={33--40},
	organization={IEEE}
}

@ARTICLE{ma2011mobile,
	author={Ma, K.J. and Bartos, R. and Bhatia, S. and Nair, R.},
	journal={Communications Magazine, IEEE},
	title={Mobile video delivery with HTTP},
	year={2011},
	volume={49},
	number={4},
	pages={166-175},
	keywords={3G mobile communication;cellular radio;mobile computing;transport protocols;video streaming;3G cellular coverage;CDN infrastructure;HTTP-based live streaming;HTTP-based mobile video delivery;delivery protocols;internet-based video delivery;mobile delivery ecosystem;mobile delivery infrastructure;mobile devices;mobile video delivery;scalability issues;scalable mobile video delivery;Bandwidth;Ecosystems;Mobile communication;Protocols;Servers;Streaming media;Transcoding},
	doi={10.1109/MCOM.2011.5741161},
	ISSN={0163-6804}
}

@inproceedings{akhshabi2011experimental,
	title={An experimental evaluation of rate-adaptation algorithms in adaptive streaming over HTTP},
	author={Akhshabi, S. and Begen, A.C. and Dovrolis, C.},
	booktitle={Proceedings of the second annual ACM conference on Multimedia systems},
	pages={157--168},
	year={2011},
	organization={ACM}
}

@article{watching-video1,
    address = {Los Alamitos, CA, USA},
    author = {Begen, A. and Akgul, T. and Baugher, M.},
    doi = {10.1109/MIC.2010.155},
    issn = {1089-7801},
    journal = {IEEE Internet Computing},
    keywords = {digital\_video, multimedia, streaming\_technologies},
    month = mar,
    number = {2},
    pages = {54--63},
    priority = {2},
    publisher = {IEEE Computer Society},
    title = {{Watching Video over the Web: Part 1: Streaming Protocols}},
    url = {http://dx.doi.org/10.1109/MIC.2010.155},
    volume = {15},
    year = {2011}
}

@misc{wang2003model,
	title="{A Model for TCP-based Video Streaming}",
	author={Wang, B. and Kurose, J. and Shenoy, P. and Towsley, D.},
	howpublished={University of Massachusetts Technical Report},
	year={2003},
	url="http://lass.cs.umass.edu/papers/pdf/TR03-TCP.pdf"
}

@INPROCEEDINGS{pv2010loss,
	author={Chang, Y. and Lin, T. and Cosman, P.C.},
	booktitle={Packet Video Workshop (PV), 2010 18th International},
	title={Network-based IP packet loss importance model for H.264 SD videos},
	year={2010},
	pages={178-185},
	keywords={IP networks;data compression;video coding;H.264 SD videos;VQM;compressed video;network-based IP packet loss importance model;video quality metric;Buildings;IP;SDTV;VQM;fixed-sized packet loss;video quality},
	doi={10.1109/PV.2010.5706836}
}

@INPROCEEDINGS{pv2010qoe,
	author={Kawano, T. and Yamagishi, K. and Watanabe, K. and Okamoto, J.},
	booktitle={Packet Video Workshop (PV), 2010 18th International},
	title={No reference video-quality-assessment model for video streaming services},
	year={2010},
	pages={158-164},
	keywords={decoding;video streaming;decoded video signals;objective quality assessment;quality of experience;video streaming services;video-quality-assessment model;Accuracy;Codecs;Image edge detection;Monitoring;Pixel;Quality assessment;Streaming media;Monitoring;No reference model;Objective quality assessment;QoE;Video streaming service},
	doi={10.1109/PV.2010.5706833}
}

@misc{it2011birdandroid,
  title={{Angry Birds + Android + ads = network overload}},
  author={Corner, S.},
  year={2011},
  url={http://www.itwire.com/business-it-news/networking/47823-angry-birds-android-ads-network-overload}
}

@misc{lt2012docostorm,
  title={{Android Signaling Storm Rises in Japan}},
  author={Donegan, M.},
  year={2012},
  url={http://www.lightreading.com/blog.asp?blog_sectionid=414&doc_id=216929&f_src=lrdailynewsletter}
}

@inproceedings{qian2011profiling,
  title={{Profiling resource usage for mobile applications: a cross-layer approach}},
  author={Qian, F. and Wang, Z. and Gerber, A. and Mao, Z. and Sen, S. and Spatscheck, O.},
  booktitle={Proceedings of the 9th international conference on Mobile systems, applications, and services},
  pages={321--334},
  year={2011},
  organization={ACM}
}

@inproceedings{lee2007detection,
  title={{On the detection of signaling DoS attacks on 3G wireless networks}},
  author={Lee, P.P.C. and Bu, T. and Woo, T.},
  booktitle={INFOCOM 2007. 26th IEEE International Conference on Computer Communications. IEEE},
  pages={1289--1297},
  year={2007},
  organization={IEEE}
}

@inproceedings{paul2011understanding,
  title={{Understanding traffic dynamics in cellular data networks}},
  author={Paul, U. and Subramanian, A.P. and Buddhikot, M.M. and Das, S.R.},
  booktitle={INFOCOM, 2011 Proceedings IEEE},
  pages={882--890},
  year={2011},
  organization={IEEE}
}

@inproceedings{shafiq2011characterizing,
  title={{Characterizing and Modeling Internet Traffic Dynamics of Cellular Devices}},
  author={Shafiq, M.Z. and Ji, L. and Liu, A.X. and Wang, J.},
  booktitle={SIGMETRICS},
  volume={11},
  pages={305--316},
  year={2011}
}

@article{svoboda2006composition,
  title={{Composition of GPRS, UMTS traffic: snapshots from a live network}},
  author={Svoboda, P. and Ricciato, F. and Hasenleithner, E. and Pilz, R.},
  journal={IPS MoMe 2006, Salzburg},
  volume={4},
  pages={42--44},
  year={2006}
}

@InProceedings{he2012panoramic,
  booktitle = {Proceedings of IFIP/TC6 Networking 2012},
  month = {May},
  location = {Prague, Czech Republic},
  series = {Proceedings of IFIP/TC6 Networking},
  title = {{A Panoramic View of 3G Data/Control-Plane Traffic: Mobile Device Perspective}},
  year = {2012},
  author = {He, X. and Lee, P.P.C. and Pan, L. and He, C. and Lui, J.C.S.}
}

@article{Xu:2011:CDN:2007116.2007149,
	author = {Xu, Q. and Huang, J. and Wang, Z. and Qian, F. and Gerber, A. and Mao, Z.M.},
	title = {{Cellular data network infrastructure characterization and implication on mobile content placement}},
	journal = {SIGMETRICS Perform. Eval. Rev.},
	issue_date = {June 2011},
	volume = {39},
	number = {1},
	month = jun,
	year = {2011},
	issn = {0163-5999},
	pages = {277--288},
	numpages = {12},
	acmid = {2007149},
	publisher = {ACM},
	address = {New York, NY, USA},
	keywords = {GGSN placement, cellular network architecture, mobile content delivery}
}


@article{ricciato2006traffic,
  title={{Traffic monitoring and analysis in 3G networks: lessons learned from the METAWIN project}},
  author={Ricciato, F. and Svoboda, P. and Motz, J. and Fleischer, W. and Sedlak, M. and Karner, M. and Pilz, R. and Romirer-Maierhofer, P. and Hasenleithner, E. and Jäger, W. and others},
  journal={e \& i Elektrotechnik und Informationstechnik},
  volume={123},
  number={7},
  pages={288--296},
  year={2006},
  publisher={Springer}
}

@InProceedings{laner2012delaycomparison,
  booktitle = {Proceedings of the 8th International Workshop on Wireless Network Measurements WinMee'12},
  month = {May},
  location = {Paderborn, Germany},
  title = {{A Comparison Between One-way Delays in Operating HSPA and LTE Networks}},
  year = {2012},
  author = {Laner, M. and Svoboda, P. and Romirer-Maierhofer, P. and Nikaein, N. and Ricciato, F. and Rupp, M.}
}

@article{metzger2012research,
  title={Research Report On Signaling Load and Tunnel Management in a 3G Core Network},
  author={Metzger, F. and Rafetseder, A. and Romirer, P. and Gebert, S. and Salzlechner, K. and Tutschku, K.},
  year={2012},
  publisher={University of Würzburg}
}

@INPROCEEDINGS{5360763,
	author={Perala, P.H.J. and Barbuzzi, A. and Boggia, G. and Pentikousis, K.},
	booktitle={GLOBECOM Workshops, 2009 IEEE},
	title={Theory and Practice of RRC State Transitions in UMTS Networks},
	year={2009},
	pages={1-6},
	keywords={3G mobile communication;broadband networks;telecommunication standards;3GPP standards;RRC state transitions;UMTS networks;landmark measurement;mobile broadband networks;network configuration parameters;state-of-the art proprietary measurement;transition triggering tool;3G mobile communication;Downlink;Electronic mail;Energy efficiency;Multiaccess communication;Radio broadcasting;Radio control;Radio link;Radio network;Switches},
	doi={10.1109/GLOCOMW.2009.5360763}
}

@ARTICLE{schwartz2013angrybirds,
  author = {Schwartz, C. and Hoßfeld, T. and Lehrieder, F. and Tran-Gia, P.},
  title = {{Angry Apps: The Impact of Network Timer Selection on Power Consumption, Signalling Load, and Web QoE}},
  journal = {Journal of Computer Networks and Communications},
  eid = {176217},
  year = {2013},
  doi={10.1155/2013/176217}
}

@article{Zhang:2012:UCC:2377677.2377764,
	author = {Zhang, Y. and Årvidsson, A.},
	title = {Understanding the characteristics of cellular data traffic},
	journal = {SIGCOMM Comput. Commun. Rev.},
	volume = {42},
	number = {4},
	month = {sep},
	year = {2012},
	issn = {0146-4833},
	pages = {461--466},
	numpages = {6},
	url = {http://doi.acm.org/10.1145/2377677.2377764},
	doi = {10.1145/2377677.2377764},
	acmid = {2377764},
	publisher = {ACM},
	address = {New York, NY, USA},
	keywords = {cellular, comparison, fixed, measurement, traffic, wireless, wireline}
} 

@inproceedings{Qian:2010:CRR:1879141.1879159,
	author = {Qian, F. and Wang, Z. and Gerber, A. and Mao, Z.M. and Sen, S. and Spatscheck, O.},
	title = {Characterizing radio resource allocation for 3G networks},
	booktitle = {Proceedings of the 10th ACM SIGCOMM conference on Internet measurement},
	series = {IMC '10},
	year = {2010},
	isbn = {978-1-4503-0483-2},
	location = {Melbourne, Australia},
	pages = {137--150},
	numpages = {14},
	url = {http://doi.acm.org/10.1145/1879141.1879159},
	doi = {10.1145/1879141.1879159},
	acmid = {1879159},
	publisher = {ACM},
	address = {New York, NY, USA},
	keywords = {3G networks, RRC state machine, UMTS, inactivity timers, multimedia streaming, smartphones, tail effects}
} 

@INPROCEEDINGS{4675847,
	author={Romirer-Maierhofer, P. and Ricciato, F. and Coluccia, A.},
	booktitle={Local and Metropolitan Area Networks, 2008. LANMAN 2008. 16th IEEE Workshop on}, title={Explorative analysis of one-way delays in a mobile 3G network},
	year={Sept.},
	pages={73-78},
	keywords={3G mobile communication;delays;packet radio networks;Universal Mobile Telecommunications System;anomaly detection;bandwidth conditions;delay distribution;delay statistics;explorative analysis;gateway GPRS support nodes;mobile 3G network;normal delay behavior;one-way delay measurement;one-way delays;operational general packet radio system;operational mobile core network;packet delay process;radio network;3G mobile communication;Bandwidth;Delay estimation;Ground penetrating radar;Packet radio networks;Radio link;Radio network;Statistics;Telecommunication traffic;Traffic control},
	doi={10.1109/LANMAN.2008.4675847}
}

@article{Ricciato2010551,
	title = "A review of DoS attack models for 3G cellular networks from a system-design perspective",
	journal = "Computer Communications ",
	volume = "33",
	number = "5",
	pages = "551 - 558",
	year = "2010",
	issn = "0140-3664",
	doi = "10.1016/j.comcom.2009.11.015",
	url = "http://www.sciencedirect.com/science/article/pii/S0140366409003168",
	author = "Ricciato, F. and Coluccia, A. and D’Alconzo, A."
}

