@book{olsson2009sae,
  title={{SAE and the Evolved Packet Core: Driving the mobile broadband revolution}},
  author={Olsson, M. and Sultana, S. and Rommer, S. and Frid, L. and Mulligan, C.},
  year={2009},
  publisher={Academic Pr}
}

@Misc{bt2010utp,
  title={{uTorrent transport protocol}},
  author={Norberg, A.},
  url={http://bittorrent.org/beps/bep_0029.html}
}