@online{02dummy,
  title={{relwork dummy)}},
  url={},
  year={},
  author={}
}
