@online{99dummy,
  title={{conclusion dummy)}},
  url={},
  year={},
  author={}
}
