@book{tran2005einfuhrung,
	title={Einführung in die Leistungsbewertung und Verkehrstheorie},
	author={Tran-Gia, Phuoc},
	year={2005},
	publisher={Oldenbourg Verlag}
}

@inproceedings{wang2009modeling,
	author={Shaoxuan Wang and Dey, S.},
	booktitle={Global Telecommunications Conference, 2009. GLOBECOM 2009. IEEE},
	title={Modeling and Characterizing User Experience in a Cloud Server Based Mobile Gaming Approach},
	year={2009},
	month={Nov},
	pages={1-7},
	doi={10.1109/GLOCOM.2009.5425784},
	ISSN={1930-529X},
}

@INPROCEEDINGS{jarschel2011cloudevaluation,
	author={Jarschel, M. and Schlosser, D. and Scheuring, S. and Hoßfeld, T.},
	booktitle={Innovative Mobile and Internet Services in Ubiquitous Computing (IMIS), 2011 Fifth International Conference on},
	title={An Evaluation of QoE in Cloud Gaming Based on Subjective Tests},
	year={2011},
	month={June},
	pages={330-335},
	doi={10.1109/IMIS.2011.92},
}

@INPROCEEDINGS{torres2011dissecting,
	author={Torres, R. and Finamore, A. and Jin Ryong Kim and Mellia, M. and Munafo, M.M. and Sanjay Rao},
	booktitle={Distributed Computing Systems (ICDCS), 2011 31st International Conference on},
	title={Dissecting Video Server Selection Strategies in the YouTube CDN},
	year={2011},
	pages={248-257},
	doi={10.1109/ICDCS.2011.43},
	ISSN={1063-6927}
}

@article{davis1995nonstationaryerlang,
	jstor_articletype = {research-article},
	title = {Sensitivity to the Service-Time Distribution in the Nonstationary Erlang Loss Model},
	author = {Davis, Jimmie L. and Massey, William A. and Whitt, Ward},
	journal = {Management Science},
	jstor_issuetitle = {},
	volume = {41},
	number = {6},
	jstor_formatteddate = {Jun., 1995},
	pages = {1107--1116},
	url = {http://www.jstor.org/stable/2632837},
	ISSN = {00251909},
	year = {1995},
	publisher = {INFORMS},
	copyright = {Copyright © 1995 INFORMS},
}

@article{erlang1917solution,
	title={Solution of some problems in the theory of probabilities of significance in automatic telephone exchanges},
	author={Erlang, Agner Krarup},
	journal={Elektrotkeknikeren},
	volume={13},
	pages={5--13},
	year={1917}
}

@misc{gplv2,
	title        = {GNU General Public License},
	version      = {2},
	shorthand    = {GPL},
	organization = {Free Software Foundation},
	url          = {https://www.gnu.org/licenses/gpl-2.0.html},
	pagination   = {section},
	language     = {english},
	year         = {1991},
	month        = {June}
}

@misc{ccbysa40,
	title        = {Attribution-ShareAlike International},
	version      = {4.0},
	shorthand    = {CC BY-SA},
	organization = {Creative Commons},
	url          = {https://creativecommons.org/licenses/by-sa/4.0/},
	pagination   = {section},
	language     = {english}
}

@misc{gplv3,
	title        = {GNU General Public License},
	version      = {3},
	shorthand    = {GPL},
	organization = {Free Software Foundation},
	url          = {https://www.gnu.org/licenses/gpl.html},
	pagination   = {section},
	language     = {english},
	date         = {2007-06-29}
}

@misc{lgplv3,
	title        = {GNU Lesser General Public License},
	version      = {3},
	shorthand    = {LGPL},
	organization = {Free Software Foundation},
	url          = {https://www.gnu.org/licenses/lgpl.html},
	pagination   = {section},
	language     = {english},
	date         = {2007-06-29}
}

@book{field2012discovering,
	title={Discovering statistics using R},
	author={Field, A. and Miles, J. and Field, Z.},
	year={2012},
	publisher={Sage publications}
}

@misc{vose2000risk,
	title={Risk analysis: A quantitative guide},
	author={Vose, David},
	year={2000},
	publisher={John Wiley (New York)}
}

@book{stats,
	title={The essential guide to effect sizes: Statistical power, meta-analysis, and the interpretation of research results},
	author={Ellis, P.D.},
	year={2010},
	publisher={Cambridge University Press}
}

@article{eureqa_paper,
	title = {Distilling Free-Form Natural Laws from Experimental Data},
	author = {Schmidt, M. and Lipson, H.},
	year = 2009,
	journal = {Science},
	volume = 324,
	number = 5923,
	pages = {81-85}
}

@online{eureqa_software,
	title = {Eureqa (Version 0.98 beta) [Software]},
	author = {Schmidt, M. and Lipson, H.},
	year = 2013,
	url = {http://www.eureqa.com/}
}

@article{chun2003planetlab,
	author = {Chun, Brent and Culler, David and Roscoe, Timothy and Bavier, Andy and Peterson, Larry and Wawrzoniak, Mike and Bowman, Mic},
	title = {PlanetLab: An Overlay Testbed for Broad-coverage Services},
	journal = {SIGCOMM Comput. Commun. Rev.},
	issue_date = {July 2003},
	volume = {33},
	number = {3},
	month = jul,
	year = {2003},
	issn = {0146-4833},
	pages = {3--12},
	numpages = {10},
	url = {http://doi.acm.org/10.1145/956993.956995},
	doi = {10.1145/956993.956995},
	acmid = {956995},
	publisher = {ACM},
	address = {New York, NY, USA},
}

@book{wu2010master,
	title={{The Master Switch: The Rise and Fall of Information Empires}},
	author={Wu, T.},
	year={2010},
	publisher={Knopf}
}

@article{wu2003network,
	title={{Network neutrality, broadband discrimination}},
	author={Wu, T.},
	journal={J. on Telecomm. \& High Tech. L.},
	volume={2},
	pages={141},
	year={2003},
	publisher={HeinOnline}
}

@Online{nw2010carrier,
	author = "C. {Duffy Marsan}",
	title = "{Google now second-largest ISP, carries 6.4\% of Internet traffic}",
	url = "http://www.networkworld.com/news/2010/102710-google-number-two-internet-traffic.html",
	year = "2010"
}

@Electronic{comscore2011ranking,
	author = "comScore",
	title = "{February 2011 U.S. Online Video Rankings}",
	url = "http://www.comscore.com/Press_Events/Press_Releases/2011/3/comScore_Releases_February_2011_U.S._Online_Video_Rankings"
}

@inproceedings{ager2010comparing,
	title={Comparing DNS resolvers in the wild},
	author={Ager, B. and M{\"u}hlbauer, W. and Smaragdakis, G. and Uhlig, S.},
	booktitle={Proceedings of the 10th annual conference on Internet measurement},
	pages={15--21},
	year={2010},
	organization={ACM}
}

@online{sandvine_internetphenomena,
	title = {{Sandvine Global Internet Phenomena Reports}},
	author = {Sandvine},
	year = {2011--2014},
	url = {https://www.sandvine.com/trends/global-internet-phenomena/},
}

@online{sandvine_spring2013,
	title = {{Sandvine Global Internet Phenomena Report 1H2013}},
	year =  {2013},
	editor =  {Ross, J.},
	url = {http://www.sandvine.com/downloads/documents/Phenomena_1H_2013/Sandvine_Global_Internet_Phenomena_Report_1H_2013.pdf}
}

@misc{cisco2013VNI,
	title = {{The Zettabyte Era—Trends and Analysis}},
	url={http://www.cisco.com/en/US/solutions/collateral/ns341/ns525/ns537/ns705/ns827/VNI_Hyperconnectivity_WP.html},
	year={2013},
	author={Cisco}
}

@misc{cisco2014VNI,
	title = {{Cisco Visual Networking Index: Global Mobile Data Traffic Forecast Update, 2013–2018}},
	url={http://www.cisco.com/c/en/us/solutions/collateral/service-provider/visual-networking-index-vni/white_paper_c11-520862.html},
	year={2014},
	month={February},
	author={Cisco}
}

@ARTICLE{4795441,
	author={Ross, P.E.},
	journal={Spectrum, IEEE}, 
	title={{Cloud Computing's Killer App: Gaming}},
	year={2009},
	month={march},
	volume={46},
	number={3},
	pages={14},
	doi={10.1109/MSPEC.2009.4795441},
	ISSN={0018-9235},
}

@ARTICLE{ct2010wolken,
	author={{Austinat, R. and Fechteler, P. and Gieselmann, H.}},
	journal={c't}, 
	title={{Über den Wolken: Wie Cloud Gaming den Spielemarkt revolutioniert}},
	year={2010},
	number={21},
	pages={76-83},
}

@online{w3c2011websockets,
	title = {{The WebSocket API, Editor's Draft}},
	institution = {W3C},
	url = {http://dev.w3.org/html5/websockets/},
	year = {2013},
	editor = {Hickson, I.}
}

@Article{heise2011websockets,
	title = {{WebSocket: Annäherung an Echtzeit im Web}},
	author = {Weßendorf, M.},
	year = {2011},
	url = {http://www.heise.de/developer/artikel/WebSocket-Annaeherung-an-Echtzeit-im-Web-1260189.html}
}

@book{day2008patterns,
	title={{Patterns in Network Architecture: A Return to Fundamentals}},
	author={Day, J.},
	year={2008}
}

@article{moore1998cramming,
	title={{Cramming more components onto integrated circuits}},
	author={Moore, G.E.},
	journal={Proceedings of the IEEE},
	volume={86},
	number={1},
	pages={82--85},
	year={1998},
	publisher={[New York, NY]: Institute of Electrical and Electronics Engineers,[1963-}
}

@TechReport{W3Arch,
	year = {2004},
	author = {Jacobs, I. and Walsh, N.},
	url = {http://www.w3.org/TR/2004/REC-webarch-20041215/},
	title = {{Architecture of the World Wide Web, Volume One}},
	institution = {W3C}
}

@inproceedings{hossfeld2007quantification,
	title={{Quantification of quality of experience for edge-based applications}},
	author={Hoßfeld, T. and Tran-Gia, P. and Fiedler, M.},
	booktitle={Proceedings of the 20th international teletraffic conference on Managing traffic performance in converged networks},
	pages={361--373},
	year={2007},
	organization={Springer-Verlag}
}

@PhDThesis{donnelly_high_2002,
	title = {{High precision timing in passive measurements of data networks}},
	school = {Waikato University},
	month = {June},
	year = {2002},
	author = {Donnelly, S.F.},
	address = {New Zealand},
	note = {Dissertation}
}

@inproceedings{baer2011two,
	title={Two parallel approaches to network data analysis},
	author={Baer, A. and Barbuzzi, A. and Michiardi, P. and Ricciato, F.},
	booktitle={5th Workshop on Large Scale Distributed Systems and Middleware (LADIS)},
	year={2011}
}

@inproceedings{enck2010taintdroid,
	author = {Enck, William and Gilbert, Peter and Chun, Byung-Gon and Cox, Landon P. and Jung, Jaeyeon and McDaniel, Patrick and Sheth, Anmol N.},
	title = {TaintDroid: An Information Flow Tracking System for Real-time Privacy Monitoring on Smartphones},
	journal = {Commun. ACM},
	issue_date = {March 2014},
	volume = {57},
	number = {3},
	month = mar,
	year = {2014},
	issn = {0001-0782},
	pages = {99--106},
	numpages = {8},
	url = {http://doi.acm.org/10.1145/2494522},
	doi = {10.1145/2494522},
	acmid = {2494522},
	publisher = {ACM},
	address = {New York, NY, USA},
}

@article{Buja13112009,
	author = {Buja, A. and Cook, D. and Hofmann, H. and Lawrence, M. and Lee, E. and Swayne, D. F. and Wickham, H.}, 
	title = {Statistical inference for exploratory data analysis and model diagnostics},
	volume = {367}, 
	number = {1906}, 
	pages = {4361-4383}, 
	year = {2009}, 
	doi = {10.1098/rsta.2009.0120}, 
	URL = {http://rsta.royalsocietypublishing.org/content/367/1906/4361.abstract}, 
	eprint = {http://rsta.royalsocietypublishing.org/content/367/1906/4361.full.pdf+html}, 
	journal = {Philosophical Transactions of the Royal Society A: Mathematical,
	      Physical and Engineering Sciences} 
}

@article{akhshabi2011evolution,
	title={The evolution of layered protocol stacks leads to an hourglass-shaped architecture},
	author={Akhshabi, S. and Dovrolis, C.},
	journal={SIGCOMM-Computer Communication Review},
	volume={41},
	number={4},
	pages={206},
	year={2011}
}

@article{vixie2009dns,
	title={What DNS is not.},
	author={Vixie, P.},
	journal={Commun. ACM},
	volume={52},
	number={12},
	pages={43--47},
	year={2009}
}

@inproceedings{Su:2006:DBA:1159913.1159962,
	author = {Su, A. and Choffnes, David R. and Kuzmanovic, A. and Bustamante, F.E.},
	title = {Drafting behind Akamai (travelocity-based detouring)},
	booktitle = {Proceedings of the 2006 conference on Applications, technologies, architectures, and protocols for computer communications},
	series = {SIGCOMM '06},
	year = {2006},
	isbn = {1-59593-308-5},
	location = {Pisa, Italy},
	pages = {435--446},
	numpages = {12},
	url = {http://doi.acm.org/10.1145/1159913.1159962},
	doi = {10.1145/1159913.1159962},
	acmid = {1159962},
	publisher = {ACM},
	address = {New York, NY, USA},
} 

@INPROCEEDINGS{5425847,
	author={Ricciato, F. and Coluccia, A. and D'Alconzo, A. and Veitch, D. and Borgnat, P. and Abry, P.},
	booktitle={Global Telecommunications Conference, 2009. GLOBECOM 2009. IEEE},
	title={On the Role of Flows and Sessions in Internet Traffic Modeling: An Explorative Toy-Model},
	year={2009},
	pages={1-8},
	doi={10.1109/GLOCOM.2009.5425847},
	ISSN={1930-529X},
}

@inproceedings{hossfeld2008testing,
	title={Testing the IQX hypothesis for exponential interdependency between QoS and QoE of voice codecs iLBC and G. 711},
	author={Hoßfeld, T. and Hock, D. and Tran-Gia, P. and Tutschku, K. and Fiedler, M. },
	booktitle={18th ITC Specialist Seminar Quality of Experience, Karlskrona, Sweden},
	year={2008}
}

@inproceedings{Barford:1998:GRW:277851.277897,
	author = {Barford, P. and Crovella, M.},
	title = {Generating representative Web workloads for network and server performance evaluation},
	booktitle = {Proceedings of the 1998 ACM SIGMETRICS joint international conference on Measurement and modeling of computer systems},
	series = {SIGMETRICS '98/PERFORMANCE '98},
	year = {1998},
	isbn = {0-89791-982-3},
	location = {Madison, Wisconsin, USA},
	pages = {151--160},
	numpages = {10},
	url = {http://doi.acm.org/10.1145/277851.277897},
	doi = {10.1145/277851.277897},
	acmid = {277897},
	publisher = {ACM},
	address = {New York, NY, USA},
} 

@INPROCEEDINGS{801961,
	author={Choi, H.K. and Limb, John O.},
	booktitle={Network Protocols, 1999. (ICNP '99) Proceedings. Seventh International Conference on},
	title={A behavioral model of Web traffic},
	year={1999},
	pages={327-334},
	doi={10.1109/ICNP.1999.801961},
	ISSN={1092-1648},
}

@article{Paxson:1995:WAT:208389.208390,
	author = {Paxson, V. and Floyd, S.},
	title = {Wide area traffic: the failure of Poisson modeling},
	journal = {IEEE/ACM Trans. Netw.},
	issue_date = {June 1995},
	volume = {3},
	number = {3},
	month = jun,
	year = {1995},
	issn = {1063-6692},
	pages = {226--244},
	numpages = {19},
	url = {http://dx.doi.org/10.1109/90.392383},
	doi = {10.1109/90.392383},
	acmid = {208390},
	publisher = {IEEE Press},
	address = {Piscataway, NJ, USA},
} 

@book{vicari1997measurement,
	title={Measurement and modeling of WWW-sessions},
	author={Vicari, N.},
	year={1997},
	publisher={Inst. für Informatik, Universität Würzburg}
}

@book{vicari1999measuring,
	title={Measuring Internet user traffic behavior dependent on access speed},
	author={Vicari, N. and Köhler, S.},
	year={1999},
	publisher={Inst. für Informatik, Universität Würzburg}
}

@incollection{characterizeajax2008,
	year={2008},
	isbn={978-3-540-79231-4},
	booktitle={Passive and Active Network Measurement},
	volume={4979},
	series={Lecture Notes in Computer Science},
	editor={Claypool, Mark and Uhlig, Steve},
	doi={10.1007/978-3-540-79232-1_4},
	title={The New Web: Characterizing AJAX Traffic},
	url={http://dx.doi.org/10.1007/978-3-540-79232-1_4},
	publisher={Springer Berlin Heidelberg},
	author={Schneider, F. and Agarwal, S. and Alpcan, T. and Feldmann, A.},
	pages={31-40}
}

@INPROCEEDINGS{4509656,
	author={Bonfiglio, D. and Mellia, M. and Meo, M. and Ritacca, N. and Rossi, D.},
	booktitle={INFOCOM 2008. The 27th Conference on Computer Communications. IEEE},
	title={Tracking Down Skype Traffic},
	year={2008},
	pages={-},
	doi={10.1109/INFOCOM.2008.61},
	ISSN={0743-166X},
}


@article{little1961proof,
	title={A proof for the queuing formula: L= $\lambda$W},
	author={Little, John DC},
	journal={Operations research},
	volume={9},
	number={3},
	pages={383--387},
	year={1961},
	publisher={INFORMS}
}

@article{kendall1953stochastic,
	title={Stochastic processes occurring in the theory of queues and their analysis by the method of the imbedded Markov chain},
	author={Kendall, David G},
	journal={The Annals of Mathematical Statistics},
	pages={338--354},
	year={1953},
	publisher={JSTOR}
}

@article{smirnov1939estimation,
	title={On the estimation of the discrepancy between empirical curves of distribution for two independent samples},
	author={Smirnov, N.V.},
	journal={Bull. Math. Univ. Moscou},
	volume={2},
	number={2},
	year={1939}
}

@article{kolmogorov1933sulla,
	title={Sulla determinazione empirica di una legge di distribuzione},
	author={Kolmogorov, A. N.},
	journal={Giornale dell’Istituto Italiano degli Attuari},
	volume={4},
	number={1},
	pages={83--91},
	year={1933}
}

@article{doi:10.1080/14786440009463897,
	author = {Pearson, K.},
	title = {X. On the criterion that a given system of deviations from the probable in the case of a correlated system of variables is such that it can be reasonably supposed to have arisen from random sampling},
	journal = {Philosophical Magazine Series 5},
	volume = {50},
	number = {302},
	pages = {157-175},
	year = {1900},
	doi = {10.1080/14786440009463897},
}

@book{levy2010hackers,
	title={{Hackers: Heroes of the computer revolution}},
	year={2010},
	author={Levy, S.},
	publisher={O'Reilly}
}

@book{ryan2010history,
	title={{A History of the Internet and the Digital Future}},
	author={Ryan, J.},
	year={2010},
	publisher={Reaktion Books}
}

@book{Knuth:1997:ACP:270146,
	author = {Knuth, D. E.},
	title = {The art of computer programming, volume 2 (3rd ed.): seminumerical algorithms},
	year = {1997},
	isbn = {0-201-89684-2},
	publisher = {Addison-Wesley Longman Publishing Co., Inc.},
	address = {Boston, MA, USA},
} 

@book{Kleinrock:1975:TVQ:1096491,
	author = {Kleinrock, L.},
	title = {Theory, Volume 1, Queueing Systems},
	year = {1975},
	isbn = {0471491101},
	publisher = {Wiley-Interscience},
}

@book{trangia-lbvs,
	author = {Tran-Gia, P.},
	isbn = {978-3-540-60666-6},
	pages = {I-XIII, 1-241},
	publisher = {Springer},
	timestamp = {2011-04-26T00:00:00.000+0200},
	title = {Analytische Leistungsbewertung verteilter Systeme - eine Einführung.},
	year = 1996
}

@misc{it2011birdandroid,
	title={{Angry Birds + Android + ads = network overload}},
	author={Corner, S.},
	year={2011},
	url={http://www.itwire.com/business-it-news/networking/47823-angry-birds-android-ads-network-overload}
}

@misc{lt2012docostorm,
	title={{Android Signaling Storm Rises in Japan}},
	author={Donegan, M.},
	year={2012},
	url={http://www.lightreading.com/blog.asp?blog_sectionid=414&doc_id=216929&f_src=lrdailynewsletter}
}

@misc{huawei2011storm,
	title={{Weather the signaling storm}},
	author={Yang, C.},
	year={2011},
	url={http://www.huawei.com/en/static/hw-094153.pdf}
}
