@article{wang2003multi,
	title={A multi-layer mobility management architecture using cross-layer signalling interactions},
	author={Wang, Qi and Abu-Rgheff, Mosa Ali},
	year={2003},
	publisher={IET}
}

@Misc{ietf2013dlepdraft,
	title={Dynamic Link Exchange Protocol (DLEP)},
	author={Ratliff, S. and Berry, B. and Harrison, G. and Satterwhite, D. and Jury, S.},
	year={2013},
	url={http://tools.ietf.org/html/draft-ietf-manet-dlep-04}
}

@article{zarai2010seamless,
	title={Seamless Mobility in Heterogeneous Wireless Networks},
	author={Zarai, Faouzi and Smaoui, Ikram and BONNIN, Jean-Marie and Kamoun, Lotfi and others},
	journal={International Journal of Next-Generation Networks},
	volume={2},
	number={4},
	year={2010}
}


@article{Piamrat20111066,
	title = "Radio resource management in emerging heterogeneous wireless networks",
	journal = "Computer Communications ",
	volume = "34",
	number = "9",
	pages = "1066 - 1076",
	year = "2011",
	note = "<ce:title>Special Issue: Next Generation Networks Service Management</ce:title> ",
	issn = "0140-3664",
	doi = "http://dx.doi.org/10.1016/j.comcom.2010.02.015",
	url = "http://www.sciencedirect.com/science/article/pii/S0140366410000903",
	author = "Kandaraj Piamrat and Adlen Ksentini and Jean-Marie Bonnin and CÃ©sar Viho",
	keywords = "Heterogeneous wireless networks",
	keywords = "Bandwidth allocation",
	keywords = "Network selection",
	keywords = "Radio resource management",
	keywords = "Quality of service "
}

@INPROCEEDINGS{6379143, 
	author={Barz, C. and Rogge, H.}, 
	booktitle={Wireless and Mobile Computing, Networking and Communications (WiMob), 2012 IEEE 8th International Conference on}, 
	title={Improved community network node design using a DLEP based radio-to-router interface}, 
	year={2012}, 
	pages={636-642}, 
	keywords={channel estimation;mobile ad hoc networks;routing protocols;wireless mesh networks;DLEP based radio-to-router interface;DLEP protocol;IEEE 802.11 net link interface;IETF MANET group;Linux based systems;PPPoE protocol;channel property estimation;flexible node design;improved community network node design;layer-2 information;layer-3 observations;link quality information;mobile ad hoc networks;physical link property;router device;standardized radio-to-router communication protocol;static link state routing metric;wireless mesh networks;Antennas;Communities;Measurement;Mobile ad hoc networks;Routing;Routing protocols}, 
	doi={10.1109/WiMOB.2012.6379143}, 
	ISSN={2160-4886},
}

@INPROCEEDINGS{1200522, 
	author={Qi Wang and Abu-Rgheff, M.A.}, 
	booktitle={Wireless Communications and Networking, 2003. WCNC 2003. 2003 IEEE}, 
	title={Cross-layer signalling for next-generation wireless systems}, 
	year={2003}, 
	volume={2}, 
	pages={1084-1089 vol.2}, 
	keywords={IP networks;packet radio networks;protocols;telecommunication signalling;CLASS;IP-based wireless system;cross-layer signalling;cross-layer signalling shortcuts;layered protocol stacks;next-generation wireless system;single layer signalling;Access protocols;Cross layer design;Design engineering;Design methodology;Mobile communication;Next generation networking;Performance gain;Quality of service;Signal analysis;Telecommunication traffic}, 
	doi={10.1109/WCNC.2003.1200522}, 
	ISSN={1525-3511},
}

@ARTICLE{1235598, 
	author={Shakkottai, S. and Rappaport, T.S. and Karlsson, P.C.}, 
	journal={Communications Magazine, IEEE}, 
	title={Cross-layer design for wireless networks}, 
	year={2003}, 
	volume={41}, 
	number={10}, 
	pages={74-80}, 
	keywords={Internet;access protocols;cellular radio;impedance matching;integrated voice/data communication;local area networks;open systems;personal communication networks;standardisation;telecommunication traffic;transport protocols;wireless LAN;Ethernet-based wireless access points;Internet-based packet data;MAC layer;PCS;TCP;cellular base stations;cellular networks;congestion conditions;cross-layer design;cross-layer networking;impedance matching;interoperability;network resource allocation;personal communication networks;physical layer;radio channel conditions;research;standardization;traffic conditions;transmission control protocol;voice-data integration;wireless LAN;wireless networks;Cellular networks;Channel capacity;Cross layer design;Femtocell networks;IP networks;Impedance matching;Personal communication networks;Resource management;Wireless LAN;Wireless networks}, 
	doi={10.1109/MCOM.2003.1235598}, 
	ISSN={0163-6804},
}

@ARTICLE{1404568, 
	author={Kawadia, V. and Kumar, P.R.}, 
	journal={Wireless Communications, IEEE}, 
	title={A cautionary perspective on cross-layer design}, 
	year={2005}, 
	volume={12}, 
	number={1}, 
	pages={3-11}, 
	keywords={protocols;radio networks;cross-layer design;protocols;spaghetti design;wireless network;Contracts;Control theory;Costs;Cross layer design;Optimization;Performance gain;Robust stability;System performance;Wireless application protocol;Wireless networks}, 
	doi={10.1109/MWC.2005.1404568}, 
	ISSN={1536-1284},
}