@misc{ns3ltewww,
  title={{LTE Module -- ns-3}},
  url={http://www.nsnam.org/docs/release/3.11/models/html/lte.html}
}

@article{ec2011fundamental,
  title={{Fundamental Limitations of current Internet and the path to Future Internet}},
  author={EC FIArch Group},
  year={2011}
}

@misc{WebRTCwww,
  title={{WebRTC}},
  url={http://www.webrtc.org/}
}

@misc{ietf2011rtcwebdraft,
  title={{Overview: Real Time Protocols for Brower-based Applications}},
  author={Alvestrand, H.},
  url={http://tools.ietf.org/html/draft-ietf-rtcweb-overview-00}
}

@inproceedings{jacobson2009networking,
  title={Networking named content},
  author={Jacobson, V. and Smetters, D.K. and Thornton, J.D. and Plass, M.F. and Briggs, N.H. and Braynard, R.L.},
  booktitle={Proceedings of the 5th international conference on Emerging networking experiments and technologies},
  pages={1--12},
  year={2009},
  organization={ACM}
}

@book{olsson2009sae,
  title={{SAE and the Evolved Packet Core: Driving the mobile broadband revolution}},
  author={Olsson, M. and Sultana, S. and Rommer, S. and Frid, L. and Mulligan, C.},
  year={2009},
  publisher={Academic Pr}
}

@article{chun2003planetlab,
  title={{Planetlab: an overlay testbed for broad-coverage services}},
  author={Chun, B. and Culler, D. and Roscoe, T. and Bavier, A. and Peterson, L. and Wawrzoniak, M. and Bowman, M.},
  journal={ACM SIGCOMM Computer Communication Review},
  volume={33},
  number={3},
  pages={3--12},
  year={2003},
  publisher={ACM}
}

@misc{pantos2011livestreaming,
  title={{HTTP Live Streaming}},
  author={Pantos, R. and May, W.},
  year={2011},
  url={http://tools.ietf.org/html/draft-pantos-http-live-streaming-06}
}

@article{zambelli_iis_2009,
	title = {{IIS smooth streaming technical overview}},
	journal = {Microsoft Corporation},
	author = {Zambelli, A.},
	year = {2009}
}

@inproceedings{hossfeld2007quantification,
  title={{Quantification of quality of experience for edge-based applications}},
  author={Hoßfeld, T. and Tran-Gia, P. and Fiedler, M.},
  booktitle={Proceedings of the 20th international teletraffic conference on Managing traffic performance in converged networks},
  pages={361--373},
  year={2007},
  organization={Springer-Verlag}
}

@inproceedings{mok2011measuring,
  title={Measuring the Quality of Experience of HTTP Video Streaming},
  author={Mok, R. and Chan, E. and Chang, R.},
  booktitle={Proc. IEEE/IFIP IM (pre-conf.)},
  year={2011}
}

@inproceedings{gustafsson2008measuring,
  title={{Measuring multimedia quality in mobile networks with an objective parametric model}},
  author={Gustafsson, J. and Heikkila, G. and Pettersson, M.},
  booktitle={Image Processing, 2008. ICIP 2008. 15th IEEE International Conference on},
  pages={405--408},
  year={2008},
  organization={IEEE}
}

@Misc{LEDBATspec,
  title={{Low Extra Delay Background Transport (LEDBAT)}},
  url={http://datatracker.ietf.org/doc/draft-ietf-ledbat-congestion/}
}

@Misc{curvecpwww,
  title={CurveCP: Usable security for the Internet},
  url={http://curvecp.org/}
}

@Misc{tcpcrypt,
  title={{Cryptographic protection of TCP Streams (tcpcrypt)}},
  author={Bittau, A. and Boneh, D. and Hamburg, M. and Handley, M. and Mazieres, D. and Slack, Q.},
  year={2011},
  url={http://tools.ietf.org/html/draft-bittau-tcp-crypt}
  }

@Misc{bt2010utp,
  title={{uTorrent transport protocol}},
  author={Norberg, A.},
  url={http://bittorrent.org/beps/bep_0029.html}
}

@article{kohler2006rfc,
  title={{RFC 4340: Datagram Congestion Control Protocol (DCCP)}},
  author={Kohler, E. and Handley, M. and Floyd, F.},
  year={2006},
  publisher={Internet Society}
}

@misc{rfc793,
  author="J. Postel",
  title="{Transmission Control Protocol}",
  series="Request for Comments",
  number="793",
  howpublished="RFC 793 (Standard)",
  publisher="IETF",
  organization="Internet Engineering Task Force",
  year=1981,
  month=sep,
    note="Updated by RFCs 1122, 3168",
  url="http://www.ietf.org/rfc/rfc793.txt",
}

@article{kohler2006designing,
  title={{Designing DCCP: Congestion control without reliability}},
  author={Kohler, E. and Handley, M. and Floyd, S.},
  journal={ACM SIGCOMM Computer Communication Review},
  volume={36},
  number={4},
  pages={27--38},
  year={2006},
  publisher={ACM}
}

@Misc{google2011SPDYdef,
  title ={{SPDY Protocol}},
  author = {Belshe, M. and Peon, R.},
  year = {2011},
  url = {http://mbelshe.github.com/SPDY-Specification/}
}

@Misc{google2010SPDYwp,
	title = {{SPDY: An experimental protocol for a faster web}},
	url={http://www.chromium.org/spdy/spdy-whitepaper}
}

@article{dukkipati2010argument,
  title={{An argument for increasing TCP's initial congestion window}},
  author={Dukkipati, N. and Refice, T. and Cheng, Y. and Chu, J. and Herbert, T. and Agarwal, A. and Jain, A. and Sutin, N.},
  journal={ACM SIGCOMM Computer Communication Review},
  volume={40},
  number={3},
  pages={26--33},
  year={2010},
  publisher={ACM}
}

@article{scharf2011comparison,
  title={{Comparison of end-to-end and network-supported fast startup congestion control schemes}},
  author={Scharf, M.},
  journal={Computer Networks},
  year={2011},
  publisher={Elsevier}
}

@Misc{websocketwww,
  title={{WebSocket.org}},
  url={http://websocket.org/}
}

@Misc{ietf2011websocket,
  title={{The WebSocket protocol}},
  author={Fette, I. and Melnikov, A.},
  year={2011},
  url={http://tools.ietf.org/html/draft-ietf-hybi-thewebsocketprotocol}
}

@inproceedings{sawashima97characteristics,
  title={{Characteristics of UDP packet loss: Effect of tcp traffic}},
  author={Sawashima, H. and Hori, Y. and Sunahara, H. and Oie, Y.},
  url={https://www.isoc.org/inet97/proceedings/F3/F3_1.HTM}
}

@article{gettys2011bufferbloat,
  title={{Bufferbloat: Dark Buffers in the Internet}},
  author={Gettys, J.},
  journal={Internet Computing, IEEE},
  volume={15},
  number={3},
  pages={96--96},
  year={2011},
  publisher={IEEE}
}

@article{groenewegen2011detecting,
  title={{Detecting and quantifying bufferbloat in network paths}},
  author={Groenewegen, D. and Kleppe, H.},
  year={2011}
}

@inproceedings{jacobson1988congestion,
  title={{Congestion avoidance and control}},
  author={Jacobson, V.},
  booktitle={ACM SIGCOMM Computer Communication Review},
  volume={18},
  number={4},
  pages={314--329},
  year={1988},
  organization={ACM}
}

@Misc{osmocombbwww,
  title={{OsmocomBB project}},
  url={http://bb.osmocom.org/trac/}
}

@Article{lwn2011opentelephony,
  title = {{NLUUG: Filling the gaps in open telephony}},
  author = {Vervloesem, K.},
  year = {2011},
  url = {http://lwn.net/Articles/443475/}
}

@misc{gnu2011sipwitch,
  title = {{GNU SIP Witch}},
  url = {{http://www.gnu.org/software/sipwitch/}}
}

@misc{w3c2011websockets,
	title = {{The WebSocket API, Draft}},
	institution = {W3C},
	url = {http://dev.w3.org/html5/websockets/}
}

@Article{heise2011websockets,
	title = {{WebSocket: Annäherung an Echtzeit im Web}},
	author = {Matthias Weßendorf},
	year = {2011},
	url = {http://www.heise.de/developer/artikel/WebSocket-Annaeherung-an-Echtzeit-im-Web-1260189.html}
}

@inproceedings{metzger2011delivery,
  title={{Analysis of Web-based Video Delivery}},
  author={Metzger, F. and Rafetseder, A. and Stezenbach, D. and Tutschku, K.},
  booktitle={FITCE Congress, 50th, Proceedings},
  year={2011}
}

@InProceedings{rafetseder2011ytcdnalm,
	title = {{Exploring YouTube's Content Distribution Network Through Distributed Application-Layer Measurements: A First View}},
	booktitle = {International Workshop on Modeling, Analysis, and Control of Complex Networks},
	year={2011},
	author = {Rafetseder, A. and Metzger, F. and Stezenbach, D. and Tutschku, Kurt},
	note = {(to appear)}
}

@inproceedings{oechsner2009pushing,
  title={{Pushing the performance of biased neighbor selection through biased unchoking}},
  author={Oechsner, S. and Lehrieder, F. and Ho{\ss}feld, T. and Metzger, F. and Staehle, D. and Pussep, K.},
  booktitle={Peer-to-Peer Computing, 2009. P2P'09. IEEE Ninth International Conference on},
  pages={301--310},
  year={2009},
  organization={IEEE}
}

@article{saltzer1984end2end,
  title={{End-to-end arguments in system design}},
  author={Saltzer, J.H. and Reed, D.P. and Clark, D.D.},
  journal={Technology},
  volume={100},
  pages={0661},
  year={1984}
}

@Article{reed2000endofe2e,
	title = {{The End of End to End}},
	author = {David P. Reed},
	year = {2000},
	url = {http://www.reed.com/dpr/locus/Papers/endofendtoend.html}
}

@inproceedings{moors2002critical,
  title={{A critical review of end-to-end arguments in system design}},
  author={Moors, T.},
  booktitle={Communications, 2002. ICC 2002. IEEE International Conference on},
  volume={2},
  pages={1214--1219},
  year={2002},
  organization={IEEE}
}

@inproceedings{bhattacharjee1997active,
  title={{Active networking and the end-to-end argument}},
  author={Bhattacharjee, S. and Calvert, K.L. and Zegura, E.W.},
  booktitle={icnp},
  pages={220},
  year={1997},
  organization={Published by the IEEE Computer Society}
}

@article{blumenthal2001rethinking,
  title={{Rethinking the design of the Internet: the end-to-end arguments vs. the brave new world}},
  author={Blumenthal, M.S. and Clark, D.D.},
  journal={ACM Transactions on Internet Technology (TOIT)},
  volume={1},
  number={1},
  pages={70--109},
  year={2001},
  publisher={ACM}
}

@article{isenberg1997rise,
  title={Rise of the stupid network},
  author={Isenberg, D.},
  journal={Computer Telephony},
  volume={5},
  number={8},
  pages={16--26},
  year={1997}
}

@article{lemley2000end,
  title={{End of End-to-End: Preserving the Architecture of the Internet in the Broadband Era, The}},
  author={Lemley, M.A. and Lessig, L.},
  journal={Ucla L. Rev.},
  volume={48},
  pages={925},
  year={2000},
  publisher={HeinOnline}
}

@article{moore1998cramming,
  title={{Cramming more components onto integrated circuits}},
  author={Moore, G.E. and others},
  journal={Proceedings of the IEEE},
  volume={86},
  number={1},
  pages={82--85},
  year={1998},
  publisher={[New York, NY]: Institute of Electrical and Electronics Engineers,[1963-}
}

@TechReport{W3Arch,
	url = {http://www.w3.org/TR/2004/REC-webarch-20041215/},
	title = {{Architecture of the World Wide Web, Volume One}},
	institution = {W3C}
}

@article{ffSortCWND,
title={{Firefox Patch: Sort Idle HTTP Connections by CWND}},
url={http://bitsup.blogspot.com/2011/01/firefox-idle-connection-selection-via.html},
note={See also \url{https://bugzilla.mozilla.org/show_bug.cgi?id=624739}}
}

@article{hummel2010mobilität,
  title={{Mobilität im, Future Internet}},
  author={Hummel, K.A. and Hess, A. and Meyer, H.},
  journal={Informatik-Spektrum},
  volume={33},
  number={2},
  pages={143--159},
  year={2010},
  publisher={Springer}
}

@book{levy2001hackers,
  title={{Hackers: Heroes of the computer revolution}},
  author={Levy, S.}
}

@book{ryan2010history,
  title={{A History of the Internet and the Digital Future}},
  author={Ryan, J.},
  year={2010},
  publisher={Reaktion Books}
}

@book{wu2010master,
  title={{The Master Switch: The Rise and Fall of Information Empires}},
  author={Wu, T.},
  year={2010},
  publisher={Knopf}
}

@article{wu2003network,
  title={{Network neutrality, broadband discrimination}},
  author={Wu, T.},
  journal={J. on Telecomm. \& High Tech. L.},
  volume={2},
  pages={141},
  year={2003},
  publisher={HeinOnline}
}

@book{day2008patterns,
  title={{Patterns in Network Architecture: A Return to Fundamentals}},
  author={Day, J.},
  year={2008}
}

@ARTICLE{5634134,
author={Piro, G. and Grieco, L.A. and Boggia, G. and Capozzi, F. and Camarda, P.},
journal={Vehicular Technology, IEEE Transactions on}, 
title={{Simulating LTE Cellular Systems: An Open-Source Framework}},
year={2011},
month={feb. },
volume={60},
number={2},
pages={498 -513},
keywords={LTE cellular systems;adaptive coding module;adaptive modulation module;broadband ubiquitous Internet access;downlink scheduling strategies;frequency reuse techniques;long-term evolution;memory requirements;multicell-multiuser environments;open-source framework LTE-Sim;radio resource optimization;simulation time requirements;software scalability test;uplink scheduling strategies;user mobility;Internet;Long Term Evolution;adaptive codes;adaptive modulation;cellular radio;frequency response;mobile computing;},
}

@ARTICLE{4795441,
author={Ross, P.E.},
journal={Spectrum, IEEE}, title={{Cloud Computing's Killer App: Gaming}},
year={2009},
month={march },
volume={46},
number={3},
pages={14},
doi={10.1109/MSPEC.2009.4795441},
ISSN={0018-9235},}


@inproceedings{wang2009modeling,
  title={{Modeling and characterizing user experience in a cloud server based mobile gaming approach}},
  author={Wang, S. and Dey, S.},
  booktitle={Global Telecommunications Conference, 2009. GLOBECOM 2009. IEEE},
  pages={1--7},
  year={2009},
  organization={IEEE}
}

@INPROCEEDINGS{jarschel2011cloudevaluation,
  author = {Michael Jarschel and  Daniel Schlosser and  Sven Scheuring and  Tobias Ho{\ss}feld},
  title = {{An Evaluation of QoE in Cloud Gaming Based on Subjective Tests}},
  booktitle = {Workshop on Future Internet and Next Generation Networks ({FINGN}et-2011)},
  address = {Seoul, Korea},
  month = jun,
  year = {2011},
}

@ARTICLE{ct2010wolken,
author={{Austinat, R. and Fechteler, P. and Gieselmann, H.}},
journal={c't}, 
title={{Über den Wolken: Wie Cloud Gaming den Spielemarkt revolutioniert}},
year={2010},
number={21},
pages={76-83},
}

@inproceedings{ketyo2010qoe,
  title={{QoE measurement of mobile YouTube video streaming}},
  author={Ketyk{\'o}, I. and De Moor, K. and De Pessemier, T. and Verdejo, A.J. and Vanhecke, K. and Joseph, W. and Martens, L. and De Marez, L.},
  booktitle={Proceedings of the 3rd workshop on mobile video delivery},
  pages={27--32},
  year={2010},
  organization={ACM}
}

@inproceedings{Popa:2010:HNW:1868447.1868453,
 author = {Popa, Lucian and Ghodsi, Ali and Stoica, Ion},
 title = {{HTTP as the narrow waist of the future internet}},
 booktitle = {Proceedings of the Ninth ACM SIGCOMM Workshop on Hot Topics in Networks},
 series = {Hotnets '10},
 year = {2010},
 isbn = {978-1-4503-0409-2},
 location = {Monterey, California},
 pages = {6:1--6:6},
 articleno = {6},
 numpages = {6},
 url = {http://doi.acm.org/10.1145/1868447.1868453},
 doi = {http://doi.acm.org/10.1145/1868447.1868453},
 acmid = {1868453},
 publisher = {ACM},
 address = {New York, NY, USA},
} 

@online{sandvine_spring2011,
	title = {{Sandvine's Spring 2011 Global Internet Phenomena Report Reveals New Internet Trends}},
  editor = {DeGroot, S.},
  year = {2011},
	url = {http://www.sandvine.com/news/pr_detail.asp?ID=312},
}

@online{sandvine_spring2013,
  title = {{Sandvine Global Internet Phenomena Report 1H2013}},
  year =  {2013},
  editor =  {Ross, J.},
  url = {http://www.sandvine.com/downloads/documents/Phenomena_1H_2013/Sandvine_Global_Internet_Phenomena_Report_1H_2013.pdf}
}

@misc{cisco2013VNI,
  title = {{The Zettabyte Era—Trends and Analysis}},
  url={http://www.cisco.com/en/US/solutions/collateral/ns341/ns525/ns537/ns705/ns827/VNI_Hyperconnectivity_WP.html},
  year={2013},
  author={Cisco}
}

@article{baran1964distributed,
  title={{On distributed communications networks}},
  author={Baran, P.},
  journal={Communications Systems, IEEE Transactions on},
  volume={12},
  number={1},
  pages={1--9},
  year={1964},
  publisher={IEEE}
}

@misc{rfc3550,
  author="H. Schulzrinne and S. Casner and R. Frederick and V. Jacobson",
  title="{RTP: A Transport Protocol for Real-Time Applications}",
  series="Request for Comments",
  number="3550",
  howpublished="RFC 3550 (Standard)",
  publisher="IETF",
  organization="Internet Engineering Task Force",
  year=2003,
  month=jul,
    note="Updated by RFCs 5506, 5761, 6051",
  url="http://www.ietf.org/rfc/rfc3550.txt",
}

@misc{rfc2326,
  author="H. Schulzrinne and A. Rao and R. Lanphier",
  title="{Real Time Streaming Protocol (RTSP)}",
  series="Request for Comments",
  number="2326",
  howpublished="RFC 2326 (Proposed Standard)",
  publisher="IETF",
  organization="Internet Engineering Task Force",
  year=1998,
  month=apr,
    url="http://www.ietf.org/rfc/rfc2326.txt",
}

@misc{3gpp22146,
  title="{3GPP TS 22.146 V10.0.0 Technical Specification Group Services and System Aspects;
Multimedia Broadcast/Multicast Service (MBMS)}",
  publisher="3GPP",
  organization="3GPP",
  year=2011,
}

@misc{3gpp22246,
  title="{3GPP TS 22.246 V10.0.0 Technical Specification Group Services and System Aspects;
Multimedia Broadcast/Multicast Service (MBMS) user services; 
Stage 1}",
  publisher="3GPP",
  organization="3GPP",
  year=2011,
}

@misc{3gpp23228,
  title="{3GPP TS 23.228 V11.2.0 Technical Specification Group Services and System Aspects;
IP Multimedia Subsystem (IMS);
Stage 2}",
  publisher="3GPP",
  organization="3GPP",
  year=2011,
}

@book{kurose2008computer,
  title={Computer networking: a top-down approach},
  author={Kurose, J.F. and Ross, K.W. and Anand, B.},
  year={2008},
  publisher={Pearson/Addison Wesley}
}

@book{peterson2007computer,
  title={Computer networks: a systems approach},
  author={Peterson, L.L. and Davie, B.S.},
  year={2007},
  publisher={Morgan Kaufmann Pub}
}

@InProceedings{rafetseder2011explyt,
	title = {Exploring YouTube's Content Distribution Network Through Distributed Application-Layer Measurements: A First View},
	booktitle = {Cnet 2011 : International Workshop on MODELING, ANALYSIS, AND CONTROL OF COMPLEX NETWORKS},
	year = {2011},
	month = {September},
	author = {Rafetseder, A. and Metzger, F. and Stezenbach, D. and Tutschku, K.},
}

@Electronic{ seattlewww,
	title = "{Seattle -- Open Peer-to-Peer Computing}",
	url = "https://seattle.cs.washington.edu/html/"
}

@inproceedings{Cappos:2009:SPE:1508865.1508905,
 author = {{Cappos, Justin and Beschastnikh, Ivan and Krishnamurthy, Arvind and Anderson, Tom}},
 title = {Seattle: a platform for educational cloud computing},
 booktitle = {Proceedings of the 40th ACM technical symposium on Computer science education},
 series = {SIGCSE '09},
 year = {2009},
 isbn = {978-1-60558-183-5},
 location = {Chattanooga, TN, USA},
 pages = {111--115},
 numpages = {5},
 url = {http://doi.acm.org/10.1145/1508865.1508905},
 acmid = {1508905},
 publisher = {ACM},
 address = {New York, NY, USA},
 keywords = {cloud computing, cluster computing, distributed computing, peer-to-peer computing},
} 

@Electronic{html5video,
	title = {{HTML5: A vocabulary and associated APIs for HTML and XHTML, section 4.8.10 Media Elements}},
	url = {http://dev.w3.org/html5/spec/Overview.html#media-elements}
}

@INPROCEEDINGS{gustafsson2008measmmmquality,
author={Gustafsson, J. and Heikkila, G. and Pettersson, M.},
booktitle={Image Processing, 2008. ICIP 2008. 15th IEEE International Conference on}, title={Measuring multimedia quality in mobile networks with an objective parametric model},
year={2008},
month={oct.},
pages={405 -408},
keywords={QCIF video;high packet loss rates;mobile networks;multimedia quality measurement;multimedia stream;objective parametric model;rebuffering event;mobile computing;multimedia systems;video signal processing;video streaming;},
ISSN={1522-4880}
}

@inproceedings{akhshabi2011experimental,
  title={An experimental evaluation of rate-adaptation algorithms in adaptive streaming over HTTP},
  author={Akhshabi, S. and Begen, A.C. and Dovrolis, C.},
  booktitle={Proceedings of the second annual ACM conference on Multimedia systems},
  pages={157--168},
  year={2011},
  organization={ACM}
}

@ARTICLE{5677508,
author={Begen, A. and Akgul, T. and Baugher, M.},
journal={Internet Computing, IEEE}, title={Watching Video over the Web: Part 1: Streaming Protocols},
year={2011},
month={march-april },
volume={15},
number={2},
pages={54 -63},
keywords={TV broadcast;US consumer;Web protocols;digital TV;digital video recorder;movie downloads;streaming;Internet;digital video broadcasting;video recording;video streaming;},
ISSN={1089-7801}
}

@Article{ ma2011mobile,
	title = "{Mobile video delivery with HTTP}",
	author = "KJ Ma and R. Bartos and S. Bhatia and R. Nair",
	journal = "Communications Magazine, IEEE",
	volume = "49",
	number = "4",
	pages = "166--175",
	issn = "0163-6804",
	year = "2011",
	publisher = "IEEE"
}

@Article{ alcock2011afcyt,
	author = "{Alcock, S. and Nelson, R.}",
	title = "{Application Flow Control in YouTube Video Streams}",
	journal = "SIGCOMM Comput. Commun. Rev.",
	year = "2011",
	volume = "41",
	number = "2",
	issue_date = "April 2011",
	publisher = "ACM",
	address = "New York, NY, USA"
}

@Electronic{ alcock2011afcytwww,
	author = "S. Alcock and R. Nelson",
	title = "{Analysis of YouTube Application Flow Control}",
	url = "http://www.wand.net.nz/~salcock/youtube/",
	year = "2011"
}

@Article{ mori2010characterizing,
	title = "{Characterizing traffic flows originating from large-scale video sharing services}",
	author = "T. Mori and R. Kawahara and H. Hasegawa and S. Shimogawa",
	journal = "Traffic Monitoring and Analysis",
	pages = "17--31",
	year = "2010",
	publisher = "Springer"
}

@Electronic{ nw2010carrier,
	author = "C. {Duffy Marsan}",
	title = "{Google now second-largest ISP, carries 6.4\% of Internet traffic}",
	url = "http://www.networkworld.com/news/2010/102710-google-number-two-internet-traffic.html",
	year = "2010"
}

@Article{ mokmeasuring,
	title = "{Measuring the Quality of Experience of HTTP Video Streaming}",
	author = "R.K.P. Mok and E.W.W. Chan and R.K.C. Chang"
}

@Electronic{ comscore2011ranking,
	author = "comScore",
	title = "{February 2011 U.S. Online Video Rankings}",
	url = "http://www.comscore.com/Press_Events/Press_Releases/2011/3/comScore_Releases_February_2011_U.S._Online_Video_Rankings"
}

@Article{ ha2008cubic,
	title = "{CUBIC: a new TCP-friendly high-speed TCP variant}",
	author = "S. Ha and I. Rhee and L. Xu",
	journal = "ACM SIGOPS Operating Systems Review",
	volume = "42",
	number = "5",
	pages = "64--74",
	issn = "0163-5980",
	year = "2008",
	publisher = "ACM"
}

@Article{ staehle2010yomo,
	title = "{YoMo: A YouTube Application Comfort Monitoring Tool}",
	author = "B. Staehle and M. Hirth and R. Pries and F. Wamser and D. Staehle",
	journal = "University of Wuerzburg, Tech. Rep",
	volume = "467",
	year = "2010"
}

@inproceedings{staehle2011aquarema,
  title={{Aquarema in action: Improving the YouTube QoE in wireless mesh networks}},
  author={{Staehle, B. and Hirth, M. and Pries, R. and Wamser, F. and Staehle, D.}},
  booktitle={Internet Communications (BCFIC Riga), 2011 Baltic Congress on Future},
  pages={33--40},
  organization={IEEE}
}

@InProceedings{ gill2007youtube,
	title = "{Youtube traffic characterization: a view from the edge}",
	author = "P. Gill and M. Arlitt and Z. Li and A. Mahanti",
	booktitle = "Proceedings of the 7th ACM SIGCOMM conference on Internet measurement",
	pages = "15--28",
	year = "2007",
	organization = "ACM"
}

@InProceedings{ adhikari2010youtube,
	title = "{YouTube traffic dynamics and its interplay with a tier-1 ISP: an ISP perspective}",
	author = "V.K. Adhikari and S. Jain and Z.L. Zhang",
	booktitle = "Proceedings of the 10th annual conference on Internet measurement",
	pages = "431--443",
	year = "2010",
	organization = "ACM"
}

@Article{ torres2011dissecting,
	title = "{Dissecting Video Server Selection Strategies in the YouTube CDN}",
	author = "R. Torres and A. Finamore and J. Kim and M. Mellia and M.M. Munafo and S. Rao",
	year = "2011"
}

@InProceedings{ ketyko2010qoe,
	title = "{QoE measurement of mobile YouTube video streaming}",
	author = "I. Ketyk{\'o} and K. {De Moor} and T. {De Pessemier} and A.J. Verdejo and K. Vanhecke and W. Joseph and L. Martens and L. {De Marez}",
	booktitle = "Proceedings of the 3rd workshop on Mobile video delivery",
	pages = "27--32",
	year = "2010",
	organization = "ACM"
}

@article{alcock2011application,
  title={Application flow control in youtube video streams},
  author={Alcock, S. and Nelson, R.},
  journal={ACM SIGCOMM Computer Communication Review},
  volume={41},
  number={2},
  pages={24--30},
  year={2011},
  publisher={ACM}
}

@inproceedings{ager2010comparing,
  title={Comparing DNS resolvers in the wild},
  author={Ager, B. and M{\"u}hlbauer, W. and Smaragdakis, G. and Uhlig, S.},
  booktitle={Proceedings of the 10th annual conference on Internet measurement},
  pages={15--21},
  year={2010},
  organization={ACM}
}

﻿@article{BLTJ:BLTJ20505,
author = {Benno, Steven and Esteban, Jairo O. and Rimac, Ivica},
title = {Adaptive streaming: The network HAS to help},
journal = {Bell Labs Technical Journal},
volume = {16},
number = {2},
publisher = {Wiley Subscription Services, Inc., A Wiley Company},
issn = {1538-7305},
url = {http://dx.doi.org/10.1002/bltj.20505},
doi = {10.1002/bltj.20505},
pages = {101--114},
year = {2011},
}

@misc{rfc2365,
  author="D. Meyer",
  title="{Administratively Scoped IP Multicast}",
  series="Request for Comments",
  number="2365",
  howpublished="RFC 2365 (Best Current Practice)",
  publisher="IETF",
  organization="Internet Engineering Task Force",
  year=1998,
  month=jul,
    url="http://www.ietf.org/rfc/rfc2365.txt",
}

@misc{rfc2616,
  author="R. Fielding and J. Gettys and J. Mogul and H. Frystyk and L. Masinter and P. Leach and T. Berners-Lee",
  title="{Hypertext Transfer Protocol -- HTTP/1.1}",
  series="Request for Comments",
  number="2616",
  howpublished="RFC 2616 (Draft Standard)",
  publisher="IETF",
  organization="Internet Engineering Task Force",
  year=1999,
  month=jun,
    note="Updated by RFCs 2817, 5785",
  url="http://www.ietf.org/rfc/rfc2616.txt",
}

@misc{rfc5762,
  author="C. Perkins",
  title="{RTP and the Datagram Congestion Control Protocol (DCCP)}",
  series="Request for Comments",
  number="5762",
  howpublished="RFC 5762 (Proposed Standard)",
  publisher="IETF",
  organization="Internet Engineering Task Force",
  year=2010,
  month=apr,
    url="http://www.ietf.org/rfc/rfc5762.txt",
}

@misc{html5,
  title="{HTML5: A vocabulary and associated APIs for HTML and XHTML}",
  publisher="W3C",
  organization="W3C",
  year=2011,
  url="http://dev.w3.org/html5/spec/Overview.html",
}

@inproceedings{laner2011dissecting,
  title={Dissecting 3G uplink delay by measuring in an operational HSPA network},
  author={Laner, M. and Svoboda, P. and Hasenleithner, E. and Rupp, M.},
  booktitle={Passive and Active Measurement},
  pages={52--61},
  year={2011},
  organization={Springer}
}

@inproceedings{Arlos10,
	title = {Influence of the Packet Size on the One-Way Delay in 3G Networks},
	author = {P. Arlos and M. Fiedler},
	booktitle = {Passive and Active Measurement, 11th International Conference, PAM 2010},
	volume = {6032},
	pages = {61--70},
	isbn = {978-3-642-12334-4},
	year = {2010},
		doi = {10.1007/978-3-642-12334-4\_7},
}

@misc{wang2003model,
  title="{A Model for TCP-based Video Streaming}",
  author={Wang, B. and Kurose, J. and Shenoy, P. and Towsley, D.},
  howpublished={University of Massachusetts Technical Report},
  year=2003,
  url="http://lass.cs.umass.edu/papers/pdf/TR03-TCP.pdf"
}

@INPROCEEDINGS{pv2010loss,
	AUTHOR = {Yueh-Lun Chang and Ting-Lan Lin and Pamela C. Cosman},
	TITLE = {NETWORK-BASED IP PACKET LOSS IMPORTANCE MODEL FOR H.264 SD VIDEOS},
	BOOKTITLE = {Packet Video Workshop 2010},
	YEAR = {2010},
	PDF = {http://code.ucsd.edu/cosman/PV2010_0048.pdf}
}

@INPROCEEDINGS{pv2010qoe,
	AUTHOR = {Taichi Kawano and Kazuhisa Yamagishi and Keishiro Watanabe and Jun Okamoto},
	TITLE = {NO REFERENCE VIDEO-QUALITY-ASSESSMENT MODEL FOR VIDEO STREAMING SERVICES},
	BOOKTITLE = {Packet Video Workshop 2010},
	YEAR = {2010},
	PDF = {http://code.ucsd.edu/cosman/PV2010_0048.pdf}
}

@article{watching-video1,
    address = {Los Alamitos, CA, USA},
    author = {Begen, Ali and Akgul, Tankut and Baugher, Mark},
    doi = {10.1109/MIC.2010.155},
    issn = {1089-7801},
    journal = {IEEE Internet Computing},
    keywords = {digital\_video, multimedia, streaming\_technologies},
    month = mar,
    number = {2},
    pages = {54--63},
    priority = {2},
    publisher = {IEEE Computer Society},
    title = {{Watching Video over the Web: Part 1: Streaming Protocols}},
    url = {http://dx.doi.org/10.1109/MIC.2010.155},
    volume = {15},
    year = {2011}
}

@Article{mobile-video,
    Author       = {Ma, K.J. and Bartos, R. and Bhatia, S. and Nair, R.},
    Title        = {Mobile Video Delivery with HTTP},
    Journal      = {IEEE Communications Magazine},
    Volume       = {49},
    Number       = {4},
    Pages        = {166-175},
    Month        = apr,
    Year         = 2011
}

@article{watching-video2,
    address = {Los Alamitos, CA, USA},
    author = {Begen, Ali and Akgul, Tankut and Baugher, Mark},
    doi = {10.1109/MIC.2010.156},
    issn = {1089-7801},
    journal = {IEEE Internet Computing},
    keywords = {digital\_video, multimedia, streaming\_technologies},
    number = {1},
    priority = {2},
    publisher = {IEEE Computer Society},
    title = {Watching Video over the Web, Part {II}: Applications, Standardization and Open Issues},
    url = {http://dx.doi.org/10.1109/MIC.2010.156},
    volume = {99},
    year = {2011}
}

@INPROCEEDINGS{yomo,
  author = {Barbara Staehle and  Matthias Hirth and  Rastin Pries and  Florian Wamser and  Dirk Staehle},
  title = {{YoMo: A YouTube Application Comfort Monitoring Tool}},
  booktitle = {New Dimensions in the Assessment and Support of Quality of Experience for Multimedia Applications},
  address = {Tampere, Finland},
  month = jun,
  year = {2010}
}

@inproceedings{qian2012radiosigoh,
  title={{Analyzing 3G Control-Plane Signaling Overhead from a Data-Plane Perspective}},
  author={Qian, L and Chan, E. and Lee, P. and He, C.},
  booktitle={IEEE IWQoS 2012},
  year={2012},
  organization={IWQoS (submitted, not yet accepted!}
}

@article{Xu:2011:CDN:2007116.2007149,
 author = {Xu, Qiang and Huang, Junxian and Wang, Zhaoguang and Qian, Feng and Gerber, Alexandre and Mao, Zhuoqing Morley},
 title = {{Cellular data network infrastructure characterization and implication on mobile content placement}},
 journal = {SIGMETRICS Perform. Eval. Rev.},
 issue_date = {June 2011},
 volume = {39},
 number = {1},
 month = jun,
 year = {2011},
 issn = {0163-5999},
 pages = {277--288},
 numpages = {12},
 acmid = {2007149},
 publisher = {ACM},
 address = {New York, NY, USA},
 keywords = {GGSN placement, cellular network architecture, mobile content delivery},
}

@article{saltzer1984end,
  title={End-to-end arguments in system design},
  author={Saltzer, Jerome H. and Reed, David P. and Clark, David D.},
  journal={ACM Transactions on Computer Systems (TOCS)},
  volume={2},
  number={4},
  pages={277--288},
  year={1984},
  publisher={ACM}
}

@article{metzger2012research,
  title={Research Report On Signaling Load and Tunnel Management in a 3G Core Network},
  author={Metzger, Florian and Rafetseder, Albert and Romirer, Peter and Gebert, Steffen and Salzlechner, Katharina and Tutschku, Kurt},
  year={2012},
  publisher={University of Würzburg}
}

@ARTICLE{schwartz2013angrybirds,
  author = {Christian Schwartz and  Tobias Hossfeld and  Frank Lehrieder and  Phuoc Tran-Gia},
  title = {{Angry Apps: The Impact of Network Timer Selection on Power Consumption, Signalling Load, and Web QoE}},
  journal = {Journal of Computer Networks and Communications},
  eid = {176217},
  year = {2013},
  doi={10.1155/2013/176217}
}

@ARTICLE{4640935,
author={Barbuzzi, A. and Ricciato, F. and Boggia, G.},
journal={Communications Letters, IEEE}, 
title={Discovering Parameter Setting in 3G Networks via Active Measurements},
year={2008},
volume={12},
number={10},
pages={730-732},
keywords={3G mobile communication;radio access networks;telecommunication networks;3G networks;UMTS network;active measurements;malicious attacker;network operator;paging attack;parameter setting;radio access network;realistic network scenarios;3G mobile communication;Access protocols;Bandwidth;GSM;Land mobile radio cellular systems;Large-scale systems;Mobile radio mobility management;Radio access networks;Resource management;TCPIP;Active measurements;DoS;cellular networks},
doi={10.1109/LCOMM.2008.080913},
ISSN={1089-7798},}

@INPROCEEDINGS{5360763,
author={Perala, P.H.J. and Barbuzzi, A. and Boggia, G. and Pentikousis, K.},
booktitle={GLOBECOM Workshops, 2009 IEEE},
title={Theory and Practice of RRC State Transitions in UMTS Networks},
year={2009},
pages={1-6},
keywords={3G mobile communication;broadband networks;telecommunication standards;3GPP standards;RRC state transitions;UMTS networks;landmark measurement;mobile broadband networks;network configuration parameters;state-of-the art proprietary measurement;transition triggering tool;3G mobile communication;Downlink;Electronic mail;Energy efficiency;Multiaccess communication;Radio broadcasting;Radio control;Radio link;Radio network;Switches},
doi={10.1109/GLOCOMW.2009.5360763},
}

@INPROCEEDINGS{4675847,
author={Romirer-Maierhofer, P. and Ricciato, F. and Coluccia, A.},
booktitle={Local and Metropolitan Area Networks, 2008. LANMAN 2008. 16th IEEE Workshop on}, title={Explorative analysis of one-way delays in a mobile 3G network},
year={Sept.},
pages={73-78},
keywords={3G mobile communication;delays;packet radio networks;Universal Mobile Telecommunications System;anomaly detection;bandwidth conditions;delay distribution;delay statistics;explorative analysis;gateway GPRS support nodes;mobile 3G network;normal delay behavior;one-way delay measurement;one-way delays;operational general packet radio system;operational mobile core network;packet delay process;radio network;3G mobile communication;Bandwidth;Delay estimation;Ground penetrating radar;Packet radio networks;Radio link;Radio network;Statistics;Telecommunication traffic;Traffic control},
doi={10.1109/LANMAN.2008.4675847}
}

@article{Ricciato2010551,
title = "A review of DoS attack models for 3G cellular networks from a system-design perspective",
journal = "Computer Communications ",
volume = "33",
number = "5",
pages = "551 - 558",
year = "2010",
issn = "0140-3664",
doi = "10.1016/j.comcom.2009.11.015",
url = "http://www.sciencedirect.com/science/article/pii/S0140366409003168",
author = "Fabio Ricciato and Angelo Coluccia and Alessandro D’Alconzo",
keywords = "3G",
keywords = "Cellular networks",
keywords = "DoS",
keywords = "Signaling attacks",
keywords = "Network robustness"
}

@inproceedings{Qian:2010:CRR:1879141.1879159,
 author = {Qian, Feng and Wang, Zhaoguang and Gerber, Alexandre and Mao, Zhuoqing Morley and Sen, Subhabrata and Spatscheck, Oliver},
 title = {Characterizing radio resource allocation for 3G networks},
 booktitle = {Proceedings of the 10th ACM SIGCOMM conference on Internet measurement},
 series = {IMC '10},
 year = {2010},
 isbn = {978-1-4503-0483-2},
 location = {Melbourne, Australia},
 pages = {137--150},
 numpages = {14},
 url = {http://doi.acm.org/10.1145/1879141.1879159},
 doi = {10.1145/1879141.1879159},
 acmid = {1879159},
 publisher = {ACM},
 address = {New York, NY, USA},
 keywords = {3G networks, RRC state machine, UMTS, inactivity timers, multimedia streaming, smartphones, tail effects},
} 

@article{Zhang:2012:UCC:2377677.2377764,
 author = {Zhang, Ying and Årvidsson, Ake},
 title = {Understanding the characteristics of cellular data traffic},
 journal = {SIGCOMM Comput. Commun. Rev.},
 volume = {42},
 number = {4},
 month = {sep},
 year = {2012},
 issn = {0146-4833},
 pages = {461--466},
 numpages = {6},
 url = {http://doi.acm.org/10.1145/2377677.2377764},
 doi = {10.1145/2377677.2377764},
 acmid = {2377764},
 publisher = {ACM},
 address = {New York, NY, USA},
 keywords = {cellular, comparison, fixed, measurement, traffic, wireless, wireline},
} 

@misc{3gpp29060,
  title={{3GPP TS 29.060 GPRS Tunnelling Protocol (GTP) across the Gn and Gp interface}},
  author={3GPP},
  year={2012}
}

@misc{3gpp23060,
  title={{3GPP TS 23.060 General Packet Radio Service (GPRS); Service description; Stage 2}},
  author={3GPP},
  year={2012}
}

@misc{3gpp23003,
  title={{3GPP TS 23.003 Technical Specification Group Core Network and Terminals; Numbering, addressing and identification}},
  author={3GPP},
  year={2012}
}

@misc{3gpp25331,
  title={{3GPP TS 25.331 Radio Resource Control (RRC); Protocol specification}},
  author={3GPP},
  year={2012}
}

@article{svoboda2006composition,
  title={{Composition of GPRS, UMTS traffic: snapshots from a live network}},
  author={Svoboda, P. and Ricciato, F. and Hasenleithner, E. and Pilz, R.},
  journal={IPS MoMe 2006, Salzburg},
  volume={4},
  pages={42--44},
  year={2006}
}

@inproceedings{paul2011understanding,
  title={{Understanding traffic dynamics in cellular data networks}},
  author={Paul, U. and Subramanian, A.P. and Buddhikot, M.M. and Das, S.R.},
  booktitle={INFOCOM, 2011 Proceedings IEEE},
  pages={882--890},
  year={2011},
  organization={IEEE}
}

@inproceedings{shafiq2011characterizing,
  title={{Characterizing and Modeling Internet Traffic Dynamics of Cellular Devices}},
  author={Shafiq, M.Z. and Ji, L. and Liu, A.X. and Wang, J.},
  booktitle={SIGMETRICS},
  volume={11},
  pages={305--316},
  year={2011}
}

@inproceedings{lee2007detection,
  title={{On the detection of signaling DoS attacks on 3G wireless networks}},
  author={Lee, P.P.C. and Bu, T. and Woo, T.},
  booktitle={INFOCOM 2007. 26th IEEE International Conference on Computer Communications. IEEE},
  pages={1289--1297},
  year={2007},
  organization={IEEE}
}

@inproceedings{qian2011profiling,
  title={{Profiling resource usage for mobile applications: a cross-layer approach}},
  author={Qian, F. and Wang, Z. and Gerber, A. and Mao, Z. and Sen, S. and Spatscheck, O.},
  booktitle={Proceedings of the 9th international conference on Mobile systems, applications, and services},
  pages={321--334},
  year={2011},
  organization={ACM}
}

@article{wang2011untold,
  title={{An untold story of middleboxes in cellular networks}},
  author={Wang, Z. and Qian, Z. and Xu, Q. and Mao, Z. and Zhang, M.},
  journal={SIGCOMM-Computer Communication Review},
  volume={41},
  number={4},
  pages={374},
  year={2011}
}

@misc{it2011birdandroid,
  title={{Angry Birds + Android + ads = network overload}},
  author={Corner, S.},
  year={2011},
  url={http://www.itwire.com/business-it-news/networking/47823-angry-birds-android-ads-network-overload}
}

@misc{lt2012docostorm,
  title={{Android Signaling Storm Rises in Japan}},
  author={Donegan, M.},
  year={2012},
  url={http://www.lightreading.com/blog.asp?blog_sectionid=414&doc_id=216929&f_src=lrdailynewsletter}
}

@misc{gsma2011fdbestpract,
  title={{Fast Dormancy Best Practises}},
  author={{GSM Association}},
  year={2012},
  url={http://www.gsma.com/newsroom/1-0-network-efficiency-task-force-fast-dormancy-best-practices}
}

@misc{tacdb,
  title={{Public Research TAC Database}},
  author={Mulliner, C.},
  url={http://www.mulliner.org/tacdb/}
}

@InProceedings{he2012panoramic,
  booktitle = {Proceedings of IFIP/TC6 Networking 2012},
  month = {May},
  location = {Prague, Czech Republic},
  series = {Proceedings of IFIP/TC6 Networking},
  title = {{A Panoramic View of 3G Data/Control-Plane Traffic: Mobile Device Perspective}},
  year = {2012},
  author = {He, X. and Lee, P.P.C. and Pan, L. and He, C. and Lui, J.C.S.}
}

@article{ricciato2006traffic,
  title={{Traffic monitoring and analysis in 3G networks: lessons learned from the METAWIN project}},
  author={Ricciato, F. and Svoboda, P. and Motz, J. and Fleischer, W. and Sedlak, M. and Karner, M. and Pilz, R. and Romirer-Maierhofer, P. and Hasenleithner, E. and Jäger, W. and others},
  journal={e \& i Elektrotechnik und Informationstechnik},
  volume={123},
  number={7},
  pages={288--296},
  year={2006},
  publisher={Springer}
}

@InProceedings{laner2012delaycomparison,
  booktitle = {Proceedings of the 8th International Workshop on Wireless Network Measurements WinMee'12},
  month = {May},
  location = {Paderborn, Germany},
  title = {{A Comparison Between One-way Delays in Operating HSPA and LTE Networks}},
  year = {2012},
  author = {Laner, M. and Svoboda, P. and Romirer-Maierhofer, P. and Nikaein, N. and Ricciato, F. and Rupp, M.}
}

@Book{bannister_convergence_2004,
  title = {{Convergence technologies for 3G networks: IP,UMTS, EGPRS and ATM}},
  year = {2004},
  month = {May},
  publisher = {John Wiley and Sons},
  author = {Bannister, J. and Mather, P. and Coope, S.}
}

@Article{ricciato_2011,
  title = {{Introduction to the DARWIN project}},
  author = {Ricciato, F.},
  url = {http://userver.ftw.at/~ricciato/darwin/},
  note = {Accessed: 06-Jul-2011}
}

@misc{etsi_3gpp_2008,
  title={{3GPP TS 129.060, version 10.4.0: Digital cellular telecommunications system (Phase 2+); Universal Mobile Telecommunications System (UMTS); General Packet Radio Service (GPRS); GPRS Tunnelling Protocol (GTP) across the Gn and Gp interface}},
  author={3GPP},
  year={2012},
  month={January}
}

@misc{etsi_3gpp_2011-1,
  title={{3GPP TS 23.003, version 10.2.0: Digital cellular telecommunications system (Phase 2+); universal mobile telecommunications system (UMTS); numbering, addressing and identification}},
  author={3GPP},
  year={2011},
  month={June}
}

@PhDThesis{donnelly_high_2002,
  title = {{High precision timing in passive measurements of data networks}},
  school = {Waikato University},
  month = {June},
  year = {2002},
  author = {Donnelly, S.~F.},
  address = {New Zealand},
  note = {Dissertation}
}

@inproceedings{sigcomm11middleboxes,
 author = {Wang, Zhaoguang and Qian, Zhiyun and Xu, Qiang and Mao, Zhuoqing and Zhang, Ming},
 title = {An untold story of middleboxes in cellular networks},
 booktitle = {Proceedings of the ACM SIGCOMM 2011 conference},
 series = {SIGCOMM '11},
 year = {2011},
 isbn = {978-1-4503-0797-0},
 location = {Toronto, Ontario, Canada},
 pages = {374--385},
 numpages = {12},
 publisher = {ACM},
 address = {New York, NY, USA},
 keywords = {cellular data network, firewall, middlebox, nat, tcp performance},
} 
