@article{metzger2012research,
	title={Research Report On Signaling Load and Tunnel Management in a 3G Core Network},
	author={\mkbibbold{F. Metzger} and Rafetseder, A. and Romirer, P. and Gebert, S. and Salzlechner, K. and Tutschku, K.},
	year={2012},
	journal={University of Würzburg Institute of Computer Science Research Report Series},
	volume={484},
	publisher={University of Würzburg},
	url={http://eprints.cs.univie.ac.at/3515/1/uniwue_tr_univie.pdf},
}

@article{raf2013sensorium,
	title= {Sensorium – A Generic Sensor Framework},
	author = {Rafetseder, A. and \mkbibbold{F. Metzger} and Pühringer, L.},
	journal = {PIK - Praxis der Informationsverarbeitung und Kommunikation},
	volume = 36,
	number = 1,
	year=2013,
	month={February},
	pages = {46},
	doi = {doi:10.1515/pik-2012-0061},
}

@article{metzger2014jcnc,
	title={{Exploratory Analysis of a GGSN’s PDP Context Signaling Load}},
	author={\mkbibbold{F. Metzger} and Rafetseder, A. and Romirer-Maierhofer, P. and Tutschku, K.},
	journal={Journal of Computer Networks and Communications},
	year=2014,
	month={February},
	publisher={Hindawi Publishing Corporation},
	vol=2014,
	doi = {doi:10.1155/2014/526231},
	url={http://www.hindawi.com/journals/jcnc/2014/526231/},
}

@inproceedings{metzger2014lossmodel,
	title = {GTP-based Load Model and Virtualization Gain for a Mobile Network's GGSN},
	author = {\mkbibbold{F. Metzger} and Schwartz, C. and Hoßfeld, T.},
	booktitle={Communications and Electronics (ICCE), 2014 IEEE Fifth International Conference on},
	year={2014},
	month={July},
	pages={206-211},
	doi={10.1109/CCE.2014.6916704},
}

@article{ricciato2006traffic,
	year={2006},
	issn={0932-383X},
	journal={e \& i Elektrotechnik und Informationstechnik},
	volume={123},
	number={7-8},
	doi={10.1007/s00502-006-0362-y},
	title={Traffic monitoring and analysis in 3G networks: lessons learned from the METAWIN project},
	url={http://dx.doi.org/10.1007/s00502-006-0362-y},
	publisher={Springer-Verlag},
	author={Ricciato, F. and Svoboda, P. and Motz, J. and Fleischer, W. and Sedlak, M. and Karner, M. and Pilz, R. and Romirer-Maierhofer, P. and Hasenleithner, E. and Jäger, W. and Krüger, P. and Vacirca, F. and Rupp, M.},
	pages={288-296}
}

@inproceedings{Xu:2011:CDN:2007116.2007149,
	author = {Xu, Qiang and Huang, Junxian and Wang, Zhaoguang and Qian, Feng and Gerber, Alexandre and Mao, Zhuoqing Morley},
	title = {Cellular Data Network Infrastructure Characterization and Implication on Mobile Content Placement},
	booktitle = {Proceedings of the ACM SIGMETRICS Joint International Conference on Measurement and Modeling of Computer Systems},
	series = {SIGMETRICS '11},
	year = {2011},
	isbn = {978-1-4503-0814-4},
	location = {San Jose, California, USA},
	pages = {317--328},
	numpages = {12},
	url = {http://doi.acm.org/10.1145/1993744.1993777},
	doi = {10.1145/1993744.1993777},
	acmid = {1993777},
	publisher = {ACM},
	address = {New York, NY, USA},
} 

@InProceedings{he2012panoramic,
	year={2012},
	isbn={978-3-642-30044-8},
	booktitle={NETWORKING 2012},
	volume={7289},
	series={Lecture Notes in Computer Science},
	editor={Bestak, Robert and Kencl, Lukas and Li, LiErran and Widmer, Joerg and Yin, Hao},
	doi={10.1007/978-3-642-30045-5_24},
	title={A Panoramic View of 3G Data/Control-Plane Traffic: Mobile Device Perspective},
	url={http://dx.doi.org/10.1007/978-3-642-30045-5_24},
	publisher={Springer Berlin Heidelberg},
	author={He, Xiuqiang and Lee, PatrickP.C. and Pan, Lujia and He, Cheng and Lui, JohnC.S.},
	pages={318-330}
}

@inproceedings{shafiq2011characterizing,
	author = {Shafiq, M. Zubair and Ji, Lusheng and Liu, Alex X. and Wang, Jia},
	title = {Characterizing and Modeling Internet Traffic Dynamics of Cellular Devices},
	booktitle = {Proceedings of the ACM SIGMETRICS Joint International Conference on Measurement and Modeling of Computer Systems},
	series = {SIGMETRICS '11},
	year = {2011},
	isbn = {978-1-4503-0814-4},
	location = {San Jose, California, USA},
	pages = {305--316},
	numpages = {12},
	url = {http://doi.acm.org/10.1145/1993744.1993776},
	doi = {10.1145/1993744.1993776},
	acmid = {1993776},
	publisher = {ACM},
	address = {New York, NY, USA},
}

@inproceedings{paul2011understanding,
	author={Paul, U. and Subramanian, A.P. and Buddhikot, M.M. and Das, S.R.},
	booktitle={INFOCOM, 2011 Proceedings IEEE},
	title={Understanding traffic dynamics in cellular data networks},
	year={2011},
	month={April},
	pages={882-890},
	doi={10.1109/INFCOM.2011.5935313},
	ISSN={0743-166X},
}

@inproceedings{lee2007detection,
	author={Lee, P.P.C. and Bu, T. and Woo, T.},
	booktitle={INFOCOM 2007. 26th IEEE International Conference on Computer Communications. IEEE},
	title={On the Detection of Signaling DoS Attacks on 3G Wireless Networks},
	year={2007},
	month={May},
	pages={1289-1297},
	doi={10.1109/INFCOM.2007.153},
	ISSN={0743-166X},
}

@inproceedings{Shafiq:2012:FLC:2254756.2254767,
	author = {Shafiq, M. Z. and Ji, L. and Liu, A. X. and Pang, J. and Wang, J.},
	title = {A first look at cellular machine-to-machine traffic: large scale measurement and characterization},
	booktitle = {Proceedings of the 12th ACM SIGMETRICS/PERFORMANCE joint international conference on Measurement and Modeling of Computer Systems},
	series = {SIGMETRICS '12},
	year = {2012},
	isbn = {978-1-4503-1097-0},
	location = {London, England, UK},
	pages = {65--76},
	numpages = {12},
	url = {http://doi.acm.org/10.1145/2254756.2254767},
	doi = {10.1145/2254756.2254767},
	acmid = {2254767},
	publisher = {ACM},
	address = {New York, NY, USA},
} 

@ARTICLE{4570772,
	author={Ricciato, F. and Hasenleithner, E. and Romirer-Maierhofer, P.},
	journal={Network and Service Management, IEEE Transactions on},
	title={Traffic analysis at short time-scales: an empirical case study from a 3G cellular network},
	year={2008},
	volume={5},
	number={1},
	pages={11-21},
	doi={10.1109/TNSM.2008.080102},
	ISSN={1932-4537},
}




@INPROCEEDINGS{6214330,
	author={Laner, Markus and Svoboda, P. and Schwarz, S. and Rupp, M.},
	booktitle={Wireless Communications and Networking Conference (WCNC), 2012 IEEE},
	title={Users in cells: A data traffic analysis},
	year={2012},
	month={April},
	pages={3063-3068},
	doi={10.1109/WCNC.2012.6214330},
	ISSN={1525-3511},
}

@article{Landman200568,
	title = "Delay analysis of downlink \{IP\} traffic on \{UMTS\} mobile networks ",
	journal = "Performance Evaluation ",
	volume = "62",
	number = "1–4",
	pages = "68 - 82",
	year = "2005",
	note = "Performance 2005 24th International Symposium on Computer Performance, Modeling, Measurements and Evaluation ",
	issn = "0166-5316",
	doi = "http://dx.doi.org/10.1016/j.peva.2005.07.007",
	url = "http://www.sciencedirect.com/science/article/pii/S0166531605000866",
	author = "Jesse Landman and Pieter Kritzinger",
}


@article{Pesch2005385,
	title = "Performance evaluation of SIP-based multimedia services in \{UMTS\} ",
	journal = "Computer Networks ",
	volume = "49",
	number = "3",
	pages = "385 - 403",
	year = "2005",
	note = "Selected Papers from the European Wireless 2004 Conference European Wireless 2004 ",
	issn = "1389-1286",
	doi = "http://dx.doi.org/10.1016/j.comnet.2005.05.013",
	url = "http://www.sciencedirect.com/science/article/pii/S1389128605001313",
	author = "Dirk Pesch and Maria Isabel Pous and Gerry Foster",
}

@inproceedings{Halepovic:2005:CMU:1089803.1089969,
	author = {Halepovic, Emir and Williamson, Carey},
	title = {Characterizing and Modeling User Mobility in a Cellular Data Network},
	booktitle = {Proceedings of the 2Nd ACM International Workshop on Performance Evaluation of Wireless Ad Hoc, Sensor, and Ubiquitous Networks},
	series = {PE-WASUN '05},
	year = {2005},
	isbn = {1-59593-182-1},
	location = {Montreal, Quebec, Canada},
	pages = {71--78},
	numpages = {8},
	url = {http://doi.acm.org/10.1145/1089803.1089969},
	doi = {10.1145/1089803.1089969},
	acmid = {1089969},
	publisher = {ACM},
	address = {New York, NY, USA},
} 


@article{mehlfuhrer2011vienna,
	year={2011},
	journal={EURASIP Journal on Advances in Signal Processing},
	eid={29},
	volume={2011},
	number={1},
	doi={10.1186/1687-6180-2011-29},
	title={The Vienna LTE simulators - Enabling reproducibility in wireless communications research},
	url={http://dx.doi.org/10.1186/1687-6180-2011-29},
	publisher={Springer International Publishing AG},
	author={Mehlführer, Christian and Colom Colom Ikuno, Josep and Šimko, Michal and Schwarz, Stefan and Wrulich, Martin and Rupp, Markus}
}


@inproceedings{Nadkarni:2014:NAH:2627393.2627412,
	author = {Nadkarni, Adwait and Tendulkar, Vasant and Enck, William},
	title = {NativeWrap: Ad Hoc Smartphone Application Creation for End Users},
	booktitle = {Proceedings of the 2014 ACM Conference on Security and Privacy in Wireless \&\#38; Mobile Networks},
	series = {WiSec '14},
	year = {2014},
	isbn = {978-1-4503-2972-9},
	location = {Oxford, United Kingdom},
	pages = {13--24},
	numpages = {12},
	url = {http://doi.acm.org/10.1145/2627393.2627412},
	doi = {10.1145/2627393.2627412},
	acmid = {2627412},
	publisher = {ACM},
	address = {New York, NY, USA},
} 

@inproceedings{Nandugudi:2013:PLP:2536714.2536718,
	author = {Nandugudi, Anandatirtha and Maiti, Anudipa and Ki, Taeyeon and Bulut, Fatih and Demirbas, Murat and Kosar, Tevfik and Qiao, Chunming and Ko, Steven Y. and Challen, Geoffrey},
	title = {PhoneLab: A Large Programmable Smartphone Testbed},
	booktitle = {Proceedings of First International Workshop on Sensing and Big Data Mining},
	series = {SENSEMINE'13},
	year = {2013},
	isbn = {978-1-4503-2430-4},
	location = {Roma, Italy},
	pages = {4:1--4:6},
	articleno = {4},
	numpages = {6},
	url = {http://doi.acm.org/10.1145/2536714.2536718},
	doi = {10.1145/2536714.2536718},
	acmid = {2536718},
	publisher = {ACM},
	address = {New York, NY, USA},
} 

@inproceedings{Striegel:2013:LLN:2491159.2491171,
	author = {Striegel, Aaron and Liu, Shu and Meng, Lei and Poellabauer, Christian and Hachen, David and Lizardo, Omar},
	title = {Lessons Learned from the Netsense Smartphone Study},
	booktitle = {Proceedings of the 5th ACM Workshop on HotPlanet},
	series = {HotPlanet '13},
	year = {2013},
	isbn = {978-1-4503-2177-8},
	location = {Hong Kong, China},
	pages = {51--56},
	numpages = {6},
	url = {http://doi.acm.org/10.1145/2491159.2491171},
	doi = {10.1145/2491159.2491171},
	acmid = {2491171},
	publisher = {ACM},
	address = {New York, NY, USA},
} 

@inproceedings{Singh:2013:HPC:2486001.2491701,
	author = {Singh, Rayman Preet and Brush, A.J. Bernheim and Filippov, Evgeni and Huang, Danny and Mahajan, Ratul and Mazhar, Khurshed and Phanishayee, Amar and Samuel, Arjmand},
	title = {HomeLab: A Platform for Conducting Experiments with Connected Devices in the Home},
	booktitle = {Proceedings of the ACM SIGCOMM 2013 Conference on SIGCOMM},
	series = {SIGCOMM '13},
	year = {2013},
	isbn = {978-1-4503-2056-6},
	location = {Hong Kong, China},
	pages = {493--494},
	numpages = {2},
	url = {http://doi.acm.org/10.1145/2486001.2491701},
	doi = {10.1145/2486001.2491701},
	acmid = {2491701},
	publisher = {ACM},
	address = {New York, NY, USA},
} 

@INPROCEEDINGS{6798970,
	author={Cappos, J. and Lai Wang and Weiss, R. and Yi Yang and Yanyan Zhuang},
	booktitle={Sensors Applications Symposium (SAS), 2014 IEEE},
	title={BlurSense: Dynamic fine-grained access control for smartphone privacy},
	year={2014},
	month={Feb},
	pages={329-332},
	doi={10.1109/SAS.2014.6798970},
}

@inproceedings{Huang:2013:ISL:2486001.2486006,
	author = {Huang, Junxian and Qian, Feng and Guo, Yihua and Zhou, Yuanyuan and Xu, Qiang and Mao, Z. Morley and Sen, Subhabrata and Spatscheck, Oliver},
	title = {An In-depth Study of LTE: Effect of Network Protocol and Application Behavior on Performance},
	booktitle = {Proceedings of the ACM SIGCOMM 2013 Conference on SIGCOMM},
	series = {SIGCOMM '13},
	year = {2013},
	isbn = {978-1-4503-2056-6},
	location = {Hong Kong, China},
	pages = {363--374},
	numpages = {12},
	url = {http://doi.acm.org/10.1145/2486001.2486006},
	doi = {10.1145/2486001.2486006},
	acmid = {2486006},
	publisher = {ACM},
	address = {New York, NY, USA},
} 

@incollection{arlos2010packetsizedelayinfluence,
	year={2010},
	isbn={978-3-642-12333-7},
	booktitle={Passive and Active Measurement},
	volume={6032},
	series={Lecture Notes in Computer Science},
	editor={Krishnamurthy, Arvind and Plattner, Bernhard},
	doi={10.1007/978-3-642-12334-4_7},
	title={Influence of the Packet Size on the One-Way Delay in 3G Networks},
	url={http://dx.doi.org/10.1007/978-3-642-12334-4_7},
	publisher={Springer Berlin Heidelberg},
	author={Arlos, Patrik and Fiedler, Markus},
	pages={61-70}
}

@incollection{laner2011dissecting3gdelay,
	year={2011},
	isbn={978-3-642-19259-3},
	booktitle={Passive and Active Measurement},
	volume={6579},
	series={Lecture Notes in Computer Science},
	editor={Spring, Neil and Riley, GeorgeF.},
	doi={10.1007/978-3-642-19260-9_6},
	title={Dissecting 3G Uplink Delay by Measuring in an Operational HSPA Network},
	url={http://dx.doi.org/10.1007/978-3-642-19260-9_6},
	publisher={Springer Berlin Heidelberg},
	author={Laner, Markus and Svoboda, Philipp and Hasenleithner, Eduard and Rupp, Markus},
	pages={52-61}
}

@inproceedings{ravindranath2011improving,
	title={Improving wireless network performance using sensor hints},
	author={Ravindranath, Lenin and Newport, Calvin and Balakrishnan, Hari and Madden, Samuel},
	booktitle={Proceedings of the 8th USENIX conference on Networked systems design and implementation},
	pages={21--21},
	year={2011},
	organization={USENIX Association}
}

@inproceedings{Jeon:2012:DAM:2381934.2381938,
	author = {Jeon, Jinseong and Micinski, Kristopher K. and Vaughan, Jeffrey A. and Fogel, Ari and Reddy, Nikhilesh and Foster, Jeffrey S. and Millstein, Todd},
	title = {Dr. Android and Mr. Hide: Fine-grained Permissions in Android Applications},
	booktitle = {Proceedings of the Second ACM Workshop on Security and Privacy in Smartphones and Mobile Devices},
	series = {SPSM '12},
	year = {2012},
	isbn = {978-1-4503-1666-8},
	location = {Raleigh, North Carolina, USA},
	pages = {3--14},
	numpages = {12},
	url = {http://doi.acm.org/10.1145/2381934.2381938},
	doi = {10.1145/2381934.2381938},
	acmid = {2381938},
	publisher = {ACM},
	address = {New York, NY, USA},
} 

@inproceedings{Liu:2012:SAT:2307636.2307670,
	author = {Liu, He and Saroiu, Stefan and Wolman, Alec and Raj, Himanshu},
	title = {Software Abstractions for Trusted Sensors},
	booktitle = {Proceedings of the 10th International Conference on Mobile Systems, Applications, and Services},
	series = {MobiSys '12},
	year = {2012},
	isbn = {978-1-4503-1301-8},
	location = {Low Wood Bay, Lake District, UK},
	pages = {365--378},
	numpages = {14},
	url = {http://doi.acm.org/10.1145/2307636.2307670},
	doi = {10.1145/2307636.2307670},
	acmid = {2307670},
	publisher = {ACM},
	address = {New York, NY, USA},
} 

@inproceedings{qian2011profiling,
	author = {Qian, Feng and Wang, Zhaoguang and Gerber, Alexandre and Mao, Zhuoqing and Sen, Subhabrata and Spatscheck, Oliver},
	title = {Profiling Resource Usage for Mobile Applications: A Cross-layer Approach},
	booktitle = {Proceedings of the 9th International Conference on Mobile Systems, Applications, and Services},
	series = {MobiSys '11},
	year = {2011},
	isbn = {978-1-4503-0643-0},
	location = {Bethesda, Maryland, USA},
	pages = {321--334},
	numpages = {14},
	url = {http://doi.acm.org/10.1145/1999995.2000026},
	doi = {10.1145/1999995.2000026},
	acmid = {2000026},
	publisher = {ACM},
	address = {New York, NY, USA},
}

@inproceedings{tutschku1998demand,
	title={Demand-based radio network planning of cellular mobile communication systems},
	author={Tutschku, K.},
	booktitle={INFOCOM'98. Seventeenth Annual Joint Conference of the IEEE Computer and Communications Societies. Proceedings. IEEE},
	volume={3},
	pages={1054--1061},
	year={1998},
	organization={IEEE}
}

@inproceedings{Baldo:2013:OSM:2507924.2507940,
	author = {Baldo, Nicola and Requena-Esteso, Manuel and Miozzo, Marco and Kwan, Raymond},
	title = {An Open Source Model for the Simulation of LTE Handover Scenarios and Algorithms in Ns-3},
	booktitle = {Proceedings of the 16th ACM International Conference on Modeling, Analysis \&\#38; Simulation of Wireless and Mobile Systems},
	series = {MSWiM '13},
	year = {2013},
	isbn = {978-1-4503-2353-6},
	location = {Barcelona, Spain},
	pages = {289--298},
	numpages = {10},
	url = {http://doi.acm.org/10.1145/2507924.2507940},
	doi = {10.1145/2507924.2507940},
	acmid = {2507940},
	publisher = {ACM},
	address = {New York, NY, USA},
} 

@article{vranjevs2011use,
	title={The use of NS-2 simulator in studying UMTS performances},
	author={Vranje{\v{s}}, Mario and {\v{S}}vedek, Tomislav and Rimac-Drlje, Snje{\v{z}}ana},
	journal={International Journal of Electrical and Computer Engineering Systems},
	volume={1},
	number={2},
	pages={63--71},
	year={2011}
}

@Misc{osmocombbwww,
	title={{OsmocomBB project}},
	url={http://bb.osmocom.org/trac/},
	year={2011},
	author={Welte, H. and Markgraf, S.}
}
 
@ARTICLE{5634134,
	author={Piro, G. and Grieco, L.A. and Boggia, G. and Capozzi, F. and Camarda, P.},
	journal={Vehicular Technology, IEEE Transactions on}, 
	title={{Simulating LTE Cellular Systems: An Open-Source Framework}},
	year={2011},
	month={February},
	volume={60},
	number={2},
	pages={498 -513},
}

@article{BLTJ:BLTJ20505,
	author = {Benno, S. and Esteban, J. O. and Rimac, I.},
	title = {Adaptive streaming: The network HAS to help},
	journal = {Bell Labs Technical Journal},
	volume = {16},
	number = {2},
	publisher = {Wiley Subscription Services, Inc., A Wiley Company},
	issn = {1538-7305},
	url = {http://dx.doi.org/10.1002/bltj.20505},
	doi = {10.1002/bltj.20505},
	pages = {101--114},
	year = {2011},
}

@ARTICLE{4640935,
	author={Barbuzzi, A. and Ricciato, F. and Boggia, G.},
	journal={Communications Letters, IEEE}, 
	title={Discovering Parameter Setting in 3G Networks via Active Measurements},
	year={2008},
	volume={12},
	number={10},
	pages={730-732},
	doi={10.1109/LCOMM.2008.080913},
	ISSN={1089-7798}
}

@inproceedings{Arlos10,
	title = {Influence of the Packet Size on the One-Way Delay in 3G Networks},
	author = {Arlos, P. and Fiedler, M.},
	booktitle = {Passive and Active Measurement, 11th International Conference, PAM 2010},
	volume = {6032},
	pages = {61--70},
	isbn = {978-3-642-12334-4},
	year = {2010},
	doi = {10.1007/978-3-642-12334-4\_7},
}

@inproceedings{laner2011dissecting,
	title={Dissecting 3G uplink delay by measuring in an operational HSPA network},
	author={Laner, M. and Svoboda, P. and Hasenleithner, E. and Rupp, M.},
	booktitle={Passive and Active Measurement},
	pages={52--61},
	year={2011},
	organization={Springer}
}

@Article{ricciato_2011,
	title = {{Introduction to the DARWIN project}},
	author = {Ricciato, F.},
	url = {http://userver.ftw.at/~ricciato/darwin/},
	note = {Accessed: 06-Jul-2011}
}

@Book{bannister_convergence_2004,
	title = {{Convergence technologies for 3G networks: IP,UMTS, EGPRS and ATM}},
	year = {2004},
	month = {May},
	publisher = {John Wiley and Sons},
	author = {Bannister, J. and Mather, P. and Coope, S.}
}

@article{sigcomm11middleboxes,
	author = {Wang, Zhaoguang and Qian, Zhiyun and Xu, Qiang and Mao, Zhuoqing and Zhang, Ming},
	title = {An Untold Story of Middleboxes in Cellular Networks},
	journal = {SIGCOMM Comput. Commun. Rev.},
	issue_date = {August 2011},
	volume = {41},
	number = {4},
	month = aug,
	year = {2011},
	issn = {0146-4833},
	pages = {374--385},
	numpages = {12},
	url = {http://doi.acm.org/10.1145/2043164.2018479},
	doi = {10.1145/2043164.2018479},
	acmid = {2018479},
	publisher = {ACM},
	address = {New York, NY, USA},
} 

@misc{gsma2011fdbestpract,
	title={{Fast Dormancy Best Practises}},
	author={{GSM Association}},
	year={2012},
	url={http://www.gsma.com/newsroom/1-0-network-efficiency-task-force-fast-dormancy-best-practices}
}

@book{olsson2009sae,
	title={{SAE and the Evolved Packet Core: Driving the mobile broadband revolution}},
	author={Olsson, M. and Sultana, S. and Rommer, S. and Frid, L. and Mulligan, C.},
	year={2009},
	publisher={Academic Pr}
}

@INPROCEEDINGS{965876,
	author={Klemm, A. and Lindemann, C. and Lohmann, M.},
	booktitle={Global Telecommunications Conference, 2001. GLOBECOM '01. IEEE},
	title={Traffic modeling and characterization for UMTS networks},
	year={2001},
	volume={3},
	pages={1741-1746 vol.3},
	doi={10.1109/GLOCOM.2001.965876},
}

@book{staehle2000source,
	title={Source traffic modeling of wireless applications},
	author={Staehle, D. and Leibnitz, K. and Tran-Gia, P.},
	year={2000},
	publisher={Inst. für Informatik, Universität Würzburg}
}

@article{biernacki2013ltescheduler,
	year={2013},
	issn={0929-6212},
	journal={Wireless Personal Communications},
	doi={10.1007/s11277-013-1308-4},
	title={Comparative Performance Study of LTE Downlink Schedulers},
	url={http://dx.doi.org/10.1007/s11277-013-1308-4},
	publisher={Springer US},
	author={Biernacki, A. and Tutschku, K.},
	pages={1-15},
	language={English}
}

@article{svoboda2006composition,
	title={{Composition of GPRS, UMTS traffic: snapshots from a live network}},
	author={Svoboda, P. and Ricciato, F. and Hasenleithner, E. and Pilz, R.},
	journal={IPS MoMe 2006, Salzburg},
	volume={4},
	pages={42--44},
	year={2006}
}

@InProceedings{laner2012delaycomparison,
	booktitle = {Proceedings of the 8th International Workshop on Wireless Network Measurements WinMee'12},
	month = {May},
	location = {Paderborn, Germany},
	title = {{A Comparison Between One-way Delays in Operating HSPA and LTE Networks}},
	year = {2012},
	author = {Laner, M. and Svoboda, P. and Romirer-Maierhofer, P. and Nikaein, N. and Ricciato, F. and Rupp, M.}
}


@INPROCEEDINGS{5360763,
	author={Perala, P.H.J. and Barbuzzi, A. and Boggia, G. and Pentikousis, K.},
	booktitle={GLOBECOM Workshops, 2009 IEEE},
	title={Theory and Practice of RRC State Transitions in UMTS Networks},
	year={2009},
	pages={1-6},
	doi={10.1109/GLOCOMW.2009.5360763}
}

@ARTICLE{schwartz2013angrybirds,
	author = {Schwartz, C. and Hoßfeld, T. and Lehrieder, F. and Tran-Gia, P.},
	title = {{Angry Apps: The Impact of Network Timer Selection on Power Consumption, Signalling Load, and Web QoE}},
	journal = {Journal of Computer Networks and Communications},
	eid = {176217},
	year = {2013},
	doi={10.1155/2013/176217}
}

@article{Zhang:2012:UCC:2377677.2377764,
	author = {Zhang, Y. and Årvidsson, A.},
	title = {Understanding the characteristics of cellular data traffic},
	journal = {SIGCOMM Comput. Commun. Rev.},
	volume = {42},
	number = {4},
	month = {sep},
	year = {2012},
	issn = {0146-4833},
	pages = {461--466},
	numpages = {6},
	url = {http://doi.acm.org/10.1145/2377677.2377764},
	doi = {10.1145/2377677.2377764},
	acmid = {2377764},
	publisher = {ACM},
	address = {New York, NY, USA},
} 

@inproceedings{Qian:2010:CRR:1879141.1879159,
	author = {Qian, F. and Wang, Z. and Gerber, A. and Mao, Z.M. and Sen, S. and Spatscheck, O.},
	title = {Characterizing radio resource allocation for 3G networks},
	booktitle = {Proceedings of the 10th ACM SIGCOMM conference on Internet measurement},
	series = {IMC '10},
	year = {2010},
	isbn = {978-1-4503-0483-2},
	location = {Melbourne, Australia},
	pages = {137--150},
	numpages = {14},
	url = {http://doi.acm.org/10.1145/1879141.1879159},
	doi = {10.1145/1879141.1879159},
	acmid = {1879159},
	publisher = {ACM},
	address = {New York, NY, USA},
} 

@INPROCEEDINGS{4675847,
	author={Romirer-Maierhofer, P. and Ricciato, F. and Coluccia, A.},
	booktitle={Local and Metropolitan Area Networks, 2008. LANMAN 2008. 16th IEEE Workshop on}, 
	title={Explorative analysis of one-way delays in a mobile 3G network},
	year={Sept.},
	pages={73-78},
	doi={10.1109/LANMAN.2008.4675847}
}

@article{Ricciato2010551,
	title = "A review of DoS attack models for 3G cellular networks from a system-design perspective",
	journal = "Computer Communications ",
	volume = "33",
	number = "5",
	pages = "551 - 558",
	year = "2010",
	issn = "0140-3664",
	doi = "10.1016/j.comcom.2009.11.015",
	url = "http://www.sciencedirect.com/science/article/pii/S0140366409003168",
	author = "Ricciato, F. and Coluccia, A. and D’Alconzo, A."
}