@inproceedings{cs3516,
	booktitle = {12th Würzburg Workshop on IP: ITG Workshop "Visions of Future Generation Networks" (EuroView2012)},
	month = {July},
	title = {Network Federation as a Provider Concept: From Today's Measurement to Tomorrow's Architecture},
	author = {Rafetseder, A. and \mkbibbold{F. Metzger} and Stezenbach, D. and Tutschku, K.},
	year = {2012},
	url = {http://eprints.cs.univie.ac.at/3516/},
}

@inproceedings{turner2005diversifying,
	title={Diversifying the internet},
	author={Turner, Jonathan S and Taylor, David E},
	booktitle={Global Telecommunications Conference, 2005. GLOBECOM'05. IEEE},
	volume={2},
	pages={6--pp},
	year={2005},
	organization={IEEE},
	doi={10.1109/GLOCOM.2005.1577741}
}

@misc{cheng2014tcptfo,
	author="Cheng, Y. and Chu, J. and Radhakrishnan, S. and Jain, A.",
	title="TCP Fast Open",
	series="Request for Comments",
	howpublished="Internet-Draft",
	publisher="IETF",
	organization="Internet Engineering Task Force",
	year=2014,
	month="March",
	url="http://tools.ietf.org/html/draft-ietf-tcpm-fastopen"
}

@misc{nichols2014codel,
	author="Nichols, K. and Jacobson, V.",
	title="Controlled Delay Active Queue Management",
	series="Request for Comments",
	howpublished="Internet-Draft",
	publisher="IETF",
	organization="Internet Engineering Task Force",
	year=2014,
	month="March",
	url="http://tools.ietf.org/html/draft-nichols-tsvwg-codel"
}

@article{Ha20112092,
	title = {Taming the elephants: New TCP slow start},
	journal = "Computer Networks ",
	volume = "55",
	number = "9",
	pages = "2092 - 2110",
	year = "2011",
	issn = "1389-1286",
	doi = "http://dx.doi.org/10.1016/j.comnet.2011.01.014",
	url = "http://www.sciencedirect.com/science/article/pii/S1389128611000363",
	author = "Sangtae Ha and Injong Rhee",
}

@incollection{feldmann2010ossification,
	year={2010},
	isbn={978-3-642-05053-4},
	booktitle={Netzwelt - Wege, Werte, Wandel},
	editor={Klumpp, Dieter and Kubicek, Herbert and Roßnagel, Alexander and Schulz, Wolfgang},
	doi={10.1007/978-3-642-05054-1_11},
	title={The Internet Architecture - Is a Redesign Needed?},
	url={http://dx.doi.org/10.1007/978-3-642-05054-1_11},
	publisher={Springer Berlin Heidelberg},
	author={Feldmann, Anja},
	pages={147-160},
	language={German}
}

@inproceedings{hemminger2005network,
	title={Network emulation with NetEm},
	author={Hemminger, S.},
	booktitle={Linux Conf Au},
	pages={18--23},
	year={2005},
	organization={Citeseer}
}



@misc{http20draft,
	author="Belshe, M. and Peon, R. and Thomson, M.",
	title="Hypertext Transfer Protocol version 2.0",
	series="Request for Comments",
	howpublished="Internet-Draft",
	publisher="IETF",
	organization="Internet Engineering Task Force",
	year=2014,
	month="April",
	url="http://tools.ietf.org/html/draft-ietf-httpbis-http2"
}

@Techreport{webrtcdraft,
	author = "W3C",
	editor = "Bergkvist, A. and Burnett, D.C. and Jennings, C. and Narayanan, A.",
	title = "WebRTC 1.0: Real-time Communication Between Browsers",
	type = "Working Draft",
	days = 10,
	month = sep,
	year = 2013,
	url = "http://www.w3.org/TR/webrtc/",
}

@ARTICLE{1092259,
	author={Cerf, V. and Kahn, R.E.},
	journal={Communications, IEEE Transactions on},
	title={A Protocol for Packet Network Intercommunication},
	year={1974},
	volume={22},
	number={5},
	pages={637-648},
	doi={10.1109/TCOM.1974.1092259},
	ISSN={0090-6778}
}

@article{baran1964distributed,
	author={Baran, P.},
	journal={Communications Systems, IEEE Transactions on},
	title={On Distributed Communications Networks},
	year={1964},
	month={March},
	volume={12},
	number={1},
	pages={1-9},
	doi={10.1109/TCOM.1964.1088883},
	ISSN={0096-1965},
	publisher={IEEE}
}

@inproceedings{Popa:2010:HNW:1868447.1868453,
	author = {Popa, L. and Ghodsi, A. and Stoica, I.},
	title = {HTTP as the narrow waist of the future internet},
	booktitle = {Proceedings of the 9th ACM SIGCOMM Workshop on Hot Topics in Networks},
	series = {Hotnets-IX},
	year = {2010},
	isbn = {978-1-4503-0409-2},
	location = {Monterey, California},
	pages = {6:1--6:6},
	articleno = {6},
	numpages = {6},
	url = {http://doi.acm.org/10.1145/1868447.1868453},
	doi = {10.1145/1868447.1868453},
	acmid = {1868453},
	publisher = {ACM},
	address = {New York, NY, USA},
} 

@misc{nfv_whitepaper,
	author = {{NFV Industry Specification Group (ISG) in ETSI}},
	title = {Network Functions Virtualisation -- An Introduction, Benefits, Enablers, Challenges \& Call for Action},
	type = {Whitepaper},
	howpublished = {SDN \& OpenFlow World Congress},
	year = {2013},
	month = {October}
}

@Misc{curvecpwww,
	title={CurveCP: Usable security for the Internet},
	url={http://curvecp.org/},
	year={2011},
	auhor={Bernstein, D.}
}

@Misc{tcpcrypt,
	title={{Cryptographic protection of TCP Streams (tcpcrypt)}},
	author={Bittau, A. and Boneh, D. and Hamburg, M. and Handley, M. and Mazieres, D. and Slack, Q.},
	year={2011},
	url={http://tools.ietf.org/html/draft-bittau-tcp-crypt}
}


@Misc{google2011SPDYdef,
	title ={{SPDY Protocol --- Draft 3.1}},
	author = {Belshe, M. and Peon, R.},
	year = {2013},
	url = {http://www.chromium.org/spdy/spdy-protocol/spdy-protocol-draft3-1}
}

@Misc{google2010SPDYwp,
	title = {{SPDY: An experimental protocol for a faster web}},
	url={http://www.chromium.org/spdy/spdy-whitepaper},
	year = {2012},
	author = {Belshe, M. and Peon, R.}
}

@article{dukkipati2010argument,
	title={{An argument for increasing TCP's initial congestion window}},
	author={Dukkipati, N. and Refice, T. and Cheng, Y. and Chu, J. and Herbert, T. and Agarwal, A. and Jain, A. and Sutin, N.},
	journal={ACM SIGCOMM Computer Communication Review},
	volume={40},
	number={3},
	pages={26--33},
	year={2010},
	publisher={ACM}
}

@article{scharf2011comparison,
	title = "Comparison of end-to-end and network-supported fast startup congestion control schemes ",
	journal = "Computer Networks ",
	volume = "55",
	number = "8",
	pages = "1921 - 1940",
	year = "2011",
	issn = "1389-1286",
	doi = "http://dx.doi.org/10.1016/j.comnet.2011.02.002",
	url = "http://www.sciencedirect.com/science/article/pii/S1389128611000491",
	author = "Michael Scharf",
	publisher={Elsevier}
}

@inproceedings{sawashima97characteristics,
	title={{Characteristics of UDP packet loss: Effect of tcp traffic}},
	author={Sawashima, H. and Hori, Y. and Sunahara, H. and Oie, Y.},
	url={https://www.isoc.org/inet97/proceedings/F3/F3_1.HTM}
}

@article{gettys2011bufferbloat,
	author = {Gettys, Jim and Nichols, Kathleen},
	title = {Bufferbloat: Dark Buffers in the Internet},
	journal = {Queue},
	issue_date = {November 2011},
	volume = {9},
	number = {11},
	month = nov,
	year = {2011},
	issn = {1542-7730},
	pages = {40:40--40:54},
	articleno = {40},
	numpages = {15},
	url = {http://doi.acm.org/10.1145/2063166.2071893},
	doi = {10.1145/2063166.2071893},
	acmid = {2071893},
	publisher = {ACM},
	address = {New York, NY, USA},
}

@misc{groenewegen2011detecting,
	title={{Detecting and quantifying bufferbloat in network paths}},
	author={Groenewegen, D. and Kleppe, H.},
	year={2011}
}

@article{jacobson1988congestion,
	author = {Jacobson, V.},
	title = {Congestion Avoidance and Control},
	journal = {SIGCOMM Comput. Commun. Rev.},
	issue_date = {August 1988},
	volume = {18},
	number = {4},
	month = aug,
	year = {1988},
	issn = {0146-4833},
	pages = {314--329},
	numpages = {16},
	url = {http://doi.acm.org/10.1145/52325.52356},
	doi = {10.1145/52325.52356},
	acmid = {52356},
	publisher = {ACM},
	address = {New York, NY, USA},
} 

@book{kurose2008computer,
	title={Computer networking: a top-down approach},
	author={Kurose, J.F. and Ross, K.W. and Anand, B.},
	year={2008},
	publisher={Pearson/Addison Wesley}
}

@book{peterson2007computer,
	title={Computer networks: a systems approach},
	author={Peterson, L.L. and Davie, B.S.},
	year={2007},
	publisher={Morgan Kaufmann Pub}
}

@article{saltzer1984end2end,
	author = {Saltzer, J. H. and Reed, D. P. and Clark, D. D.},
	title = {End-to-end Arguments in System Design},
	journal = {ACM Trans. Comput. Syst.},
	issue_date = {Nov. 1984},
	volume = {2},
	number = {4},
	month = nov,
	year = {1984},
	issn = {0734-2071},
	pages = {277--288},
	numpages = {12},
	url = {http://doi.acm.org/10.1145/357401.357402},
	doi = {10.1145/357401.357402},
	acmid = {357402},
	publisher = {ACM},
	address = {New York, NY, USA},
}

@inproceedings{bhattacharjee1997active,
	author={Bhattacharjee, S. and Calvert, K.L. and Zegura, E.W.},
	booktitle={Network Protocols, 1997. Proceedings., 1997 International Conference on},
	title={Active networking and the end-to-end argument},
	year={1997},
	month={Oct},
	pages={220-228},
	doi={10.1109/ICNP.1997.643717},
	ISSN={1092-1648},
}

@article{blumenthal2001rethinking,
	author = {Blumenthal, Marjory S. and Clark, David D.},
	title = {Rethinking the Design of the Internet: The End-to-end Arguments vs. The Brave New World},
	journal = {ACM Trans. Internet Technol.},
	issue_date = {Aug. 2001},
	volume = {1},
	number = {1},
	month = aug,
	year = {2001},
	issn = {1533-5399},
	pages = {70--109},
	numpages = {40},
	url = {http://doi.acm.org/10.1145/383034.383037},
	doi = {10.1145/383034.383037},
	acmid = {383037},
	publisher = {ACM},
	address = {New York, NY, USA},
}

@article{isenberg1997rise,
	title={Rise of the stupid network},
	author={Isenberg, D.},
	journal={Computer Telephony},
	volume={5},
	number={8},
	pages={16--26},
	year={1997}
}

@article{lemley2000end,
	title={{End of End-to-End: Preserving the Architecture of the Internet in the Broadband Era, The}},
	author={Lemley, M.A. and Lessig, L.},
	journal={Ucla L. Rev.},
	volume={48},
	pages={925},
	year={2000},
	publisher={HeinOnline}
}

@Article{reed2000endofe2e,
	title = {{The End of End to End}},
	author = {Reed, D.P. },
	year = {2000},
	url = {http://www.reed.com/dpr/locus/Papers/endofendtoend.html}
}

@inproceedings{moors2002critical,
	title={{A critical review of end-to-end arguments in system design}},
	author={Moors, T.},
	booktitle={Communications, 2002. ICC 2002. IEEE International Conference on},
	volume={2},
	pages={1214--1219},
	year={2002},
	organization={IEEE}
}

@article{kohler2006designing,
	author = {Kohler, Eddie and Handley, Mark and Floyd, Sally},
	title = {Designing DCCP: Congestion Control Without Reliability},
	journal = {SIGCOMM Comput. Commun. Rev.},
	issue_date = {October 2006},
	volume = {36},
	number = {4},
	month = aug,
	year = {2006},
	issn = {0146-4833},
	pages = {27--38},
	numpages = {12},
	url = {http://doi.acm.org/10.1145/1151659.1159918},
	doi = {10.1145/1151659.1159918},
	acmid = {1159918},
	publisher = {ACM},
	address = {New York, NY, USA},
}

@Misc{ietf2011websocket,
	title={{The WebSocket protocol}},
	author={Fette, I. and Melnikov, A.},
	year={2011},
	url={http://tools.ietf.org/html/draft-ietf-hybi-thewebsocketprotocol}
}

@inproceedings{Cappos:2009:SPE:1508865.1508905,
	author = {{Cappos, J. and Beschastnikh, I. and Krishnamurthy, A. and Anderson, T.}},
	title = {Seattle: a platform for educational cloud computing},
	booktitle = {Proceedings of the 40th ACM technical symposium on Computer science education},
	series = {SIGCSE '09},
	year = {2009},
	isbn = {978-1-60558-183-5},
	location = {Chattanooga, TN, USA},
	pages = {111--115},
	numpages = {5},
	url = {http://doi.acm.org/10.1145/1508865.1508905},
	acmid = {1508905},
	publisher = {ACM},
	address = {New York, NY, USA},
} 

@Article{ha2008cubic,
	author = {Ha, Sangtae and Rhee, Injong and Xu, Lisong},
	title = {CUBIC: A New TCP-friendly High-speed TCP Variant},
	journal = {SIGOPS Oper. Syst. Rev.},
	issue_date = {July 2008},
	volume = {42},
	number = {5},
	month = jul,
	year = {2008},
	issn = {0163-5980},
	pages = {64--74},
	numpages = {11},
	url = {http://doi.acm.org/10.1145/1400097.1400105},
	doi = {10.1145/1400097.1400105},
	acmid = {1400105},
	publisher = {ACM},
	address = {New York, NY, USA},
}

@article{song2006compound,
	title={Compound TCP: A scalable and TCP-friendly congestion control for high-speed networks},
	author={Song, Kun Tan Jingmin and Zhang, Q and Sridharan, M},
	journal={Proceedings of PFLDnet 2006},
	year={2006}
}

@article{Brakmo:1994:TVN:190809.190317,
	author = {Brakmo, Lawrence S. and O'Malley, Sean W. and Peterson, Larry L.},
	title = {TCP Vegas: New Techniques for Congestion Detection and Avoidance},
	journal = {SIGCOMM Comput. Commun. Rev.},
	issue_date = {Oct. 1994},
	volume = {24},
	number = {4},
	month = oct,
	year = {1994},
	issn = {0146-4833},
	pages = {24--35},
	numpages = {12},
	url = {http://doi.acm.org/10.1145/190809.190317},
	doi = {10.1145/190809.190317},
	acmid = {190317},
	publisher = {ACM},
	address = {New York, NY, USA},
} 

@Misc{bt2010utp,
	title={{uTorrent transport protocol}},
	author={Norberg, A.},
	url={http://bittorrent.org/beps/bep_0029.html}
}

@article{genin2013internet,
	title={Where in the Internet is congestion?},
	author={Genin, D. and Splett, J.},
	journal={arXiv preprint arXiv:1307.3696},
	year={2013}
}

@article{Labovitz:2010:IIT:2043164.1851194,
	author = {Labovitz, C. and Iekel-Johnson, S. and McPherson, D. and Oberheide, J. and Jahanian, F.},
	title = {Internet inter-domain traffic},
	journal = {SIGCOMM Comput. Commun. Rev.},
	issue_date = {August 2011},
	volume = {41},
	number = {4},
	month = aug,
	year = {2010},
	issn = {0146-4833},
	url = {http://dl.acm.org/citation.cfm?id=2043164.1851194},
	acmid = {1851194},
	publisher = {ACM},
	address = {New York, NY, USA},
} 

@article{Paxson:1994:EDA:189520.189525,
	author = {Paxson, V.},
	title = {Empirically derived analytic models of wide-area TCP connections},
	journal = {IEEE/ACM Trans. Netw.},
	issue_date = {Aug. 1994},
	volume = {2},
	number = {4},
	month = aug,
	year = {1994},
	issn = {1063-6692},
	pages = {316--336},
	numpages = {21},
	url = {http://dx.doi.org/10.1109/90.330413},
	doi = {10.1109/90.330413},
	acmid = {189525},
	publisher = {IEEE Press},
	address = {Piscataway, NJ, USA},
} 

@article{Nichols:2012:CQD:2209249.2209264,
	author = {Nichols, K. and Jacobson, V.},
	title = {Controlling queue delay},
	journal = {Commun. ACM},
	issue_date = {July 2012},
	volume = {55},
	number = {7},
	month = jul,
	year = {2012},
	issn = {0001-0782},
	pages = {42--50},
	numpages = {9},
	url = {http://doi.acm.org/10.1145/2209249.2209264},
	doi = {10.1145/2209249.2209264},
	acmid = {2209264},
	publisher = {ACM},
	address = {New York, NY, USA},
} 
