@article{cs3518,
	volume = {2012},
	number = {03},
	author = {Biernacki, A. and \mkbibbold{F. Metzger} and Tutschku, K.},
	address = {Warsaw, PL},
	title = {On the Influence of Network Impairments on YouTube Video Streaming},
	publisher = {National Institute of Telecommunications },
	journal = {Journal of Telecommunications and Information Technology (JTIT)},
	year = {2012},
	url = {http://eprints.cs.univie.ac.at/3518/},
}

@INPROCEEDINGS{metzger2011delivery,
	author={\mkbibbold{F. Metzger} and Rafetseder, A. and Stezenbach, D. and Tutschku, K.},
	booktitle={FITCE Congress (FITCE), 2011 50th},
	title={Analysis of web-based video delivery},
	year={2011},
	pages={1-6},
	doi={10.1109/FITCE.2011.6133425},
}

@INPROCEEDINGS{6229739,
	author={\mkbibbold{F. Metzger} and Rafetseder, A. and Tutschku, K.},
	booktitle={Packet Video Workshop (PV), 2012 19th International},
	title={A performance evaluation framework for video streaming},
	year={2012},
	pages={19-24},
	doi={10.1109/PV.2012.6229739},
}

@InProceedings{rafetseder2011explyt,
	title = {Exploring YouTube's Content Distribution Network Through Distributed Application-layer Measurements: A First View},
	booktitle = {Cnet 2011 : International Workshop on MODELING, ANALYSIS, AND CONTROL OF COMPLEX NETWORKS},
	series = {Cnet '11},
	year = {2011},
	isbn = {978-0-9836283-1-6},
	location = {San Francisco, California},
	pages = {31--36},
	numpages = {6},
	url = {http://dl.acm.org/citation.cfm?id=2043527.2043532},
	acmid = {2043532},
	publisher = {International Teletraffic Congress},
	author = {Rafetseder, A. and \mkbibbold{F. Metzger} and Stezenbach, D. and Tutschku, K.},
}


@INPROCEEDINGS{6603210,
	author={Seufert, M. and Slanina, M. and Egger, S. and Kottkamp, M.},
	booktitle={Quality of Multimedia Experience (QoMEX), 2013 Fifth International Workshop on},
	title={``To pool or not to pool'': A comparison of temporal pooling methods for HTTP adaptive video streaming},
	year={2013},
	month={July},
	pages={52-57},
	doi={10.1109/QoMEX.2013.6603210},
}

@techreport{ituP1202.1,
	author="ITU",
	institution = {International Telecommunication Union},
	series = {Series P: Terminals and subjective and objective assessment methods},
	title = {{ITU-T Recommendation P.1202.1: Parametric non-intrusive bitstream assessment of video media streaming quality - Lower resolution application area}},
	url = {http://www.itu.int/rec/T-REC-P.1202.1-201210-I/en},
	year = {2013}
}

@ARTICLE{2014arXiv1408.5777A,
	author = {{Ahsan}, S. and {Singh}, V. and {Ott}, J.},
	title = "{Characterizing Internet Video for Large-scale Active Measurements}",
	journal = {ArXiv e-prints},
	archivePrefix = "arXiv",
	eprint = {1408.5777},
	primaryClass = "cs.MM",
	year = 2014,
	month = aug,
	adsurl = {http://adsabs.harvard.edu/abs/2014arXiv1408.5777A},
	adsnote = {Provided by the SAO/NASA Astrophysics Data System}
}

@ARTICLE{5430142,
	author={Fiedler, M. and Ho√üfeld, T. and Tran-Gia, P.},
	journal={Network, IEEE},
	title={A generic quantitative relationship between quality of experience and quality of service},
	year={2010},
	month={March},
	volume={24},
	number={2},
	pages={36-41},
	doi={10.1109/MNET.2010.5430142},
	ISSN={0890-8044},
}

@incollection{objective-vqa,
	author      = "Wang, Z. and Sheikh, H.R. and Bovik, A.C.",
	title       = "Objective Video Quality Assessment",
	editor      = "Furht, B. and Marqure, O.",
	booktitle   = "The Handbook of Video Databases: Design and Applications",
	publisher   = "CRC Press",
	year        = 2003,
}

@ARTICLE{5634160,
	author={Porter, T. and Peng, X.-H.},
	journal={Communications Letters, IEEE},
	title={An Objective Approach to Measuring Video Playback Quality in Lossy Networks using TCP},
	year={2011},
	volume={15},
	number={1},
	pages={76-78},
	ISSN={1089-7798},
}

@INPROCEEDINGS{1498486,
	author={Zhang, X. and Liu, J. and Li, B. and Yum, T.P.},
	booktitle={INFOCOM 2005. 24th Annual Joint Conference of the IEEE Computer and Communications Societies. Proceedings IEEE},
	title={CoolStreaming/DONet: a data-driven overlay network for peer-to-peer live media streaming},
	year={2005},
	volume={3},
	pages={2102-2111 vol. 3},
	doi={10.1109/INFCOM.2005.1498486},
	ISSN={0743-166X},
}

@article{DBLP:journals/corr/SeyedebrahimiBP13,
	author={Seyedebrahimi, M. and Bailey, C. and Xiao-Hong Peng},
	journal={Circuits and Systems for Video Technology, IEEE Transactions on},
	title={Model and Performance of a No-Reference Quality Assessment Metric for Video Streaming},
	year={2013},
	month={Dec},
	volume={23},
	number={12},
	pages={2034-2043},
	doi={10.1109/TCSVT.2013.2270365},
	ISSN={1051-8215},
}

@techreport{ituJ246,
	author="ITU",
	institution = {International Telecommunication Union},
	series = {Series J: Cable Networks and Transmission of Television, Sound Programme and other Multimedia Signals},
	title = {{ITU-T Recommendation J.246: Perceptual visual quality measurement techniques for multimedia services over digital cable television networks in the presence of a reduced bandwidth reference}},
	url = {http://www.itu.int/rec/T-REC-J.246/en},
	year = {2008}
}

@techreport{ituJ247,
	author="ITU",
	institution = {International Telecommunication Union},
	series = {Series J: Cable Networks and Transmission of Television, Sound Programme and other Multimedia Signals},
	title = {{ITU-T Recommendation J.247: Objective perceptual multimedia video quality measurement in the presence of a full reference}},
	url = {http://www.itu.int/rec/T-REC-J.247/en},
	year = {2008}
}


@techreport{ituJ144,
	author="ITU",
	institution = {International Telecommunication Union},
	series = {Series J: Cable Networks and Transmission of Television, Sound Programme and other Multimedia Signals},
	title = {{ITU-T Recommendation J.144: Objective perceptual video quality measurement techniques for digital cable television in the presence of a full reference}},
	url = {http://www.itu.int/rec/T-REC-J.144/en},
	year = {2004}
}

@techreport{ituG1080,
	author="ITU",
	institution = {International Telecommunication Union},
	series = {ITU-T Series G: Transmission Systems and Media, Digital Systems and Networks},
	title = {{ITU-T Recommendation G.1080: Quality of experience requirements for IPTV services}},
	url = {http://www.itu.int/rec/T-REC-G.1080/en},
	year = {2008}
}

@Techreport{iso-iec-23009-1,
	author = "MPEG",
	title = "{Dynamic adaptive streaming over HTTP (DASH) - Part 1: Media presentation description and segment formats}",
	type = "International Standard",
	institution = {ISO/IEC},
	number = "{23009-1}",
	year = 2012,
	url = "http://standards.iso.org/ittf/PubliclyAvailableStandards/c057623_ISO_IEC_23009-1_2012.zip",
}

@misc{ietf2011rtcwebdraft,
	title={{Overview: Real Time Protocols for Brower-based Applications}},
	author={Alvestrand, H.},
	url={http://tools.ietf.org/html/draft-ietf-rtcweb-overview-06}
}

@misc{rtmpspec,
	title={Real-Time Messaging Protocol (RTMP) specification},
	author={Parmar, H. and Thornburgh, M.},
	year={2012},
	url={https://www.adobe.com/devnet/rtmp.html}
}

@misc{pantos2011livestreaming,
	title={{HTTP Live Streaming}},
	author={Pantos, R. and May, W.},
	year={2013},
	type={Internet-Draft},
	url={http://tools.ietf.org/html/draft-pantos-http-live-streaming-12}
}

@article{zambelli_iis_2009,
	title = {{IIS smooth streaming technical overview}},
	journal = {Microsoft Corporation},
	author = {Zambelli, A.},
	year = {2009}
}

@article{watching-video2,
	address = {Los Alamitos, CA, USA},
	author = {Begen, Ali and Akgul, Tankut and Baugher, Mark},
	doi = {10.1109/MIC.2010.156},
	issn = {1089-7801},
	journal = {IEEE Internet Computing},
	number = {1},
	priority = {2},
	publisher = {IEEE Computer Society},
	title = {Watching Video over the Web, Part {II}: Applications, Standardization and Open Issues},
	url = {http://dx.doi.org/10.1109/MIC.2010.156},
	volume = {99},
	year = {2011}
}

@INPROCEEDINGS{gustafsson2008measuring,
	author={Gustafsson, J. and Heikkila, G. and Pettersson, M.},
	booktitle={Image Processing, 2008. ICIP 2008. 15th IEEE International Conference on},
	title={Measuring multimedia quality in mobile networks with an objective parametric model},
	year={2008},
	month={Oct},
	pages={405-408},
	doi={10.1109/ICIP.2008.4711777},
	ISSN={1522-4880},
}

@inproceedings{ketyko2010qoe,
	author = {Ketyk\'{o}, I. and De Moor, K. and De Pessemier, T. and Verdejo, A. J. and Vanhecke, K. and Joseph, W. and Martens, L. and De Marez, L.},
	title = {QoE measurement of mobile YouTube video streaming},
	booktitle = {Proceedings of the 3rd workshop on Mobile video delivery},
	series = {MoViD '10},
	year = {2010},
	isbn = {978-1-4503-0165-7},
	location = {Firenze, Italy},
	pages = {27--32},
	numpages = {6},
	url = {http://doi.acm.org/10.1145/1878022.1878030},
	doi = {10.1145/1878022.1878030},
	acmid = {1878030},
	publisher = {ACM},
	address = {New York, NY, USA},
}

@article{alcock2011afcyt,
	author = {Alcock, S. and Nelson, R.},
	title = {Application flow control in YouTube video streams},
	journal = {SIGCOMM Comput. Commun. Rev.},
	issue_date = {April 2011},
	volume = {41},
	number = {2},
	month = apr,
	year = {2011},
	issn = {0146-4833},
	pages = {24--30},
	numpages = {7},
	url = {http://doi.acm.org/10.1145/1971162.1971166},
	doi = {10.1145/1971162.1971166},
	acmid = {1971166},
	publisher = {ACM},
	address = {New York, NY, USA},
} 

@inproceedings{Huang:2012:CTU:2398776.2398800,
	author = {Huang, T. and Handigol, N. and Heller, B. and McKeown, N. and Johari, R.},
	title = {Confused, timid, and unstable: picking a video streaming rate is hard},
	booktitle = {Proceedings of the 2012 ACM conference on Internet measurement conference},
	series = {IMC '12},
	year = {2012},
	isbn = {978-1-4503-1705-4},
	location = {Boston, Massachusetts, USA},
	pages = {225--238},
	numpages = {14},
	url = {http://doi.acm.org/10.1145/2398776.2398800},
	doi = {10.1145/2398776.2398800},
	acmid = {2398800},
	publisher = {ACM},
	address = {New York, NY, USA},
} 

@inproceedings{Muller:2012:EDA:2151677.2151686,
	author = {M√ºller, C. and Lederer, S. and Timmerer, C.},
	title = {An evaluation of dynamic adaptive streaming over HTTP in vehicular environments},
	booktitle = {Proceedings of the 4th Workshop on Mobile Video},
	series = {MoVid '12},
	year = {2012},
	isbn = {978-1-4503-1166-3},
	location = {Chapel Hill, North Carolina},
	pages = {37--42},
	numpages = {6},
	url = {http://doi.acm.org/10.1145/2151677.2151686},
	doi = {10.1145/2151677.2151686},
	acmid = {2151686},
	publisher = {ACM},
	address = {New York, NY, USA},
} 

@incollection{cicco2010akamai,
	year={2010},
	isbn={978-3-642-16606-8},
	booktitle={HCI in Work and Learning, Life and Leisure},
	volume={6389},
	series={Lecture Notes in Computer Science},
	editor={Leitner, Gerhard and Hitz, Martin and Holzinger, Andreas},
	doi={10.1007/978-3-642-16607-5_31},
	title={An Experimental Investigation of the Akamai Adaptive Video Streaming},
	url={http://dx.doi.org/10.1007/978-3-642-16607-5_31},
	publisher={Springer Berlin Heidelberg},
	author={Cicco, L. and Mascolo, S.},
	pages={447-464}
}

@inproceedings{Rao:2011:NCV:2079296.2079321,
	author = {Rao, A. and Legout, A. and Lim, Y. and Towsley, D. and Barakat, C. and Dabbous, W.},
	title = {Network characteristics of video streaming traffic},
	booktitle = {Proceedings of the Seventh COnference on emerging Networking EXperiments and Technologies},
	series = {CoNEXT '11},
	year = {2011},
	isbn = {978-1-4503-1041-3},
	location = {Tokyo, Japan},
	pages = {25:1--25:12},
	articleno = {25},
	numpages = {12},
	url = {http://doi.acm.org/10.1145/2079296.2079321},
	doi = {10.1145/2079296.2079321},
	acmid = {2079321},
	publisher = {ACM},
	address = {New York, NY, USA},
} 

@incollection{hossfeld2013youtubeqoe,
	year={2013},
	isbn={978-3-642-36783-0},
	booktitle={Data Traffic Monitoring and Analysis},
	volume={7754},
	series={Lecture Notes in Computer Science},
	editor={Biersack, Ernst and Callegari, Christian and Matijasevic, Maja},
	doi={10.1007/978-3-642-36784-7_11},
	title={Internet Video Delivery in YouTube: From Traffic Measurements to Quality of Experience},
	url={http://dx.doi.org/10.1007/978-3-642-36784-7_11},
	publisher={Springer Berlin Heidelberg},
	author={Ho√üfeld, Tobias and Schatz, Raimund and Biersack, Ernst and Plissonneau, Louis},
	pages={264-301},
	language={English}
}

@INPROCEEDINGS{6263849,
	author={Ho√üfeld, T. and Egger, S. and Schatz, R. and Fiedler, M. and Masuch, K. and Lorentzen, C.},
	booktitle={Quality of Multimedia Experience (QoMEX), 2012 Fourth International Workshop on},
	title={Initial delay vs. interruptions: Between the devil and the deep blue sea},
	year={2012},
	pages={1-6},
	doi={10.1109/QoMEX.2012.6263849},
}

@INPROCEEDINGS{6123395,
	author={Ho√üfeld, T. and Seufert, M. and Hirth, M. and Zinner, T. and Tran-Gia, P. and Schatz, R.},
	booktitle={Multimedia (ISM), 2011 IEEE International Symposium on},
	title={Quantification of YouTube QoE via Crowdsourcing},
	year={2011},
	pages={494-499},
	doi={10.1109/ISM.2011.87},
}

@INPROCEEDINGS{6296879,
	author={Schatz, R. and Ho√üfeld, T. and Casas, P.},
	booktitle={Innovative Mobile and Internet Services in Ubiquitous Computing (IMIS), 2012 Sixth International Conference on},
	title={Passive YouTube QoE Monitoring for ISPs},
	year={2012},
	pages={358-364},
	doi={10.1109/IMIS.2012.12},
}

@inproceedings{DeCicco:2011:FCA:1943552.1943573,
	author = {De Cicco, L. and Mascolo, S. and Palmisano, V.},
	title = {Feedback control for adaptive live video streaming},
	booktitle = {Proceedings of the second annual ACM conference on Multimedia systems},
	series = {MMSys '11},
	year = {2011},
	isbn = {978-1-4503-0518-1},
	location = {San Jose, CA, USA},
	pages = {145--156},
	numpages = {12},
	url = {http://doi.acm.org/10.1145/1943552.1943573},
	doi = {10.1145/1943552.1943573},
	acmid = {1943573},
	publisher = {ACM},
	address = {New York, NY, USA},
} 

@inproceedings{Erman:2011:OTV:2068816.2068829,
	author = {Erman, J. and Gerber, A. and Ramadrishnan, K. K. and Sen, S. and Spatscheck, O.},
	title = {Over the top video: the gorilla in cellular networks},
	booktitle = {Proceedings of the 2011 ACM SIGCOMM conference on Internet measurement conference},
	series = {IMC '11},
	year = {2011},
	isbn = {978-1-4503-1013-0},
	location = {Berlin, Germany},
	pages = {127--136},
	numpages = {10},
	url = {http://doi.acm.org/10.1145/2068816.2068829},
	doi = {10.1145/2068816.2068829},
	acmid = {2068829},
	publisher = {ACM},
	address = {New York, NY, USA},
} 

@INPROCEEDINGS{5703713,
	author={McAlarney, J. and Haddad, R. and McGarry, M.P.},
	booktitle={Computer Modeling and Simulation (EMS), 2010 Fourth UKSim European Symposium on},
	title={Modeling Network Protocol Overhead for Video},
	year={2010},
	pages={375-380},
	doi={10.1109/EMS.2010.68},
	}

@INPROCEEDINGS{5945211,
	author={Hisamatsu, H. and Hasegawa, G. and Murata, M.},
	booktitle={Information Technology: New Generations (ITNG), 2011 Eighth International Conference on},
	title={Non Bandwidth-intrusive Video Streaming over TCP},
	year={2011},
	pages={78-83},
	doi={10.1109/ITNG.2011.21},
}

@inproceedings{Stockhammer:2011:DAS:1943552.1943572,
	author = {Stockhammer, T.},
	title = {Dynamic adaptive streaming over HTTP --: standards and design principles},
	booktitle = {Proceedings of the second annual ACM conference on Multimedia systems},
	series = {MMSys '11},
	year = {2011},
	isbn = {978-1-4503-0518-1},
	location = {San Jose, CA, USA},
	pages = {133--144},
	numpages = {12},
	url = {http://doi.acm.org/10.1145/1943552.1943572},
	doi = {10.1145/1943552.1943572},
	acmid = {1943572},
	publisher = {ACM},
	address = {New York, NY, USA},
} 

@INPROCEEDINGS{6181070,
	author={Singh, K.D. and Hadjadj-Aoul, Y. and Rubino, G.},
	booktitle={Consumer Communications and Networking Conference (CCNC), 2012 IEEE},
	title={Quality of experience estimation for adaptive HTTP/TCP video streaming using H.264/AVC},
	year={2012},
	pages={127-131},
	doi={10.1109/CCNC.2012.6181070},
	ISSN={Pending},
}

@article{hossfeld2011fog,
	title={FoG and Clouds: Optimizing QoE for YouTube},
	author={Ho√üfeld, T. and Liers, F. and Volkert, T. and Schatz, R.},
	journal={KuVS 5thGI/ITG KuVS Fachgespr√§ch NG Service Delivery Platforms},
	year={2011}
}

@TECHREPORT{report2011-258,
	author = {Ho√üfeld, T. and Zinner, T. and Schatz, R. and Seufert, M. and Tran-Gia. P.},
	title = {{Transport Protocol Influences on YouTube QoE}},
	institution = {University of W√ºrzburg},
	number = {482},
	month = jul,
	year = {2011},
}

@INPROCEEDINGS{5733220,
	author={Staehle, B. and Hirth, M. and Pries, R. and Wamser, F. and Staehle, D.},
	booktitle={Internet Communications (BCFIC Riga), 2011 Baltic Congress on Future},
	title={Aquarema in action: Improving the YouTube QoE in wireless mesh networks},
	year={2011},
	pages={33-40},
	doi={10.1109/BCFIC-RIGA.2011.5733220},
}

@InProceedings{gill2007youtube,
	 author = {Gill, Phillipa and Arlitt, Martin and Li, Zongpeng and Mahanti, Anirban},
	 title = {Youtube Traffic Characterization: A View from the Edge},
	 booktitle = {Proceedings of the 7th ACM SIGCOMM Conference on Internet Measurement},
	 series = {IMC '07},
	 year = {2007},
	 isbn = {978-1-59593-908-1},
	 location = {San Diego, California, USA},
	 pages = {15--28},
	 numpages = {14},
	 url = {http://doi.acm.org/10.1145/1298306.1298310},
	 doi = {10.1145/1298306.1298310},
	 acmid = {1298310},
	 publisher = {ACM},
	 address = {New York, NY, USA},
}

@InProceedings{ adhikari2010youtube,
	author = {Adhikari, Vijay Kumar and Jain, Sourabh and Zhang, Zhi-Li},
	title = {YouTube Traffic Dynamics and Its Interplay with a Tier-1 ISP: An ISP Perspective},
	booktitle = {Proceedings of the 10th ACM SIGCOMM Conference on Internet Measurement},
	series = {IMC '10},
	year = {2010},
	isbn = {978-1-4503-0483-2},
	location = {Melbourne, Australia},
	pages = {431--443},
	numpages = {13},
	url = {http://doi.acm.org/10.1145/1879141.1879197},
	doi = {10.1145/1879141.1879197},
	acmid = {1879197},
	publisher = {ACM},
	address = {New York, NY, USA},
}

@incollection{mori2010characterizing,
	year={2010},
	isbn={978-3-642-12364-1},
	booktitle={Traffic Monitoring and Analysis},
	volume={6003},
	series={Lecture Notes in Computer Science},
	editor={Ricciato, Fabio and Mellia, Marco and Biersack, Ernst},
	doi={10.1007/978-3-642-12365-8_2},
	title={Characterizing Traffic Flows Originating from Large-Scale Video Sharing Services},
	url={http://dx.doi.org/10.1007/978-3-642-12365-8_2},
	publisher={Springer Berlin Heidelberg},
	author={Mori, Tatsuya and Kawahara, Ryoichi and Hasegawa, Haruhisa and Shimogawa, Shinsuke},
	pages={17-31},
	language={English}
}

@INPROCEEDINGS{mokmeasuring,
	author={Mok, R.K.P. and Chan, E.W.W. and Chang, R.K.C.},
	booktitle={Integrated Network Management (IM), 2011 IFIP/IEEE International Symposium on},
	title={Measuring the quality of experience of HTTP video streaming},
	year={2011},
	pages={485-492},
	doi={10.1109/INM.2011.5990550}
}

@Article{ staehle2010yomo,
	title = "{YoMo: A YouTube Application Comfort Monitoring Tool}",
	author = "B. Staehle and M. Hirth and R. Pries and F. Wamser and D. Staehle",
	journal = "University of Wuerzburg, Tech. Rep",
	volume = "467",
	year = "2010"
}

@ARTICLE{ma2011mobile,
	author={Ma, K.J. and Bartos, R. and Bhatia, S. and Nair, R.},
	journal={Communications Magazine, IEEE},
	title={Mobile video delivery with HTTP},
	year={2011},
	volume={49},
	number={4},
	pages={166-175},
	doi={10.1109/MCOM.2011.5741161},
	ISSN={0163-6804}
}

@inproceedings{akhshabi2011experimental,
	title = {An Experimental Evaluation of Rate-adaptation Algorithms in Adaptive Streaming over HTTP},
	author={Akhshabi, S. and Begen, A.C. and Dovrolis, C.},
	booktitle = {Proceedings of the Second Annual ACM Conference on Multimedia Systems},
	series = {MMSys '11},
	year = {2011},
	isbn = {978-1-4503-0518-1},
	location = {San Jose, CA, USA},
	pages = {157--168},
	numpages = {12},
	url = {http://doi.acm.org/10.1145/1943552.1943574},
	doi = {10.1145/1943552.1943574},
	acmid = {1943574},
	publisher = {ACM},
	address = {New York, NY, USA},
}

@article{watching-video1,
	address = {Los Alamitos, CA, USA},
	author = {Begen, A. and Akgul, T. and Baugher, M.},
	doi = {10.1109/MIC.2010.155},
	issn = {1089-7801},
	journal = {IEEE Internet Computing},
	month = mar,
	number = {2},
	pages = {54--63},
	priority = {2},
	publisher = {IEEE Computer Society},
	title = {{Watching Video over the Web: Part 1: Streaming Protocols}},
	url = {http://dx.doi.org/10.1109/MIC.2010.155},
	volume = {15},
	year = {2011}
}

@misc{wang2003model,
	title="{A Model for TCP-based Video Streaming}",
	author={Wang, B. and Kurose, J. and Shenoy, P. and Towsley, D.},
	howpublished={University of Massachusetts Technical Report},
	year={2003},
	url="http://lass.cs.umass.edu/papers/pdf/TR03-TCP.pdf"
}

@INPROCEEDINGS{pv2010loss,
	author={Chang, Y. and Lin, T. and Cosman, P.C.},
	booktitle={Packet Video Workshop (PV), 2010 18th International},
	title={Network-based IP packet loss importance model for H.264 SD videos},
	year={2010},
	pages={178-185},
	doi={10.1109/PV.2010.5706836}
}

@INPROCEEDINGS{pv2010qoe,
	author={Kawano, T. and Yamagishi, K. and Watanabe, K. and Okamoto, J.},
	booktitle={Packet Video Workshop (PV), 2010 18th International},
	title={No reference video-quality-assessment model for video streaming services},
	year={2010},
	pages={158-164},
	doi={10.1109/PV.2010.5706833}
}

